3667 5350
808 605 1032 673 ..20-

333 786 465 853 luerunt
495 807 569 854 cum
603 785 658 852 illo
689 784 795 850 lacere
828 804 927 869 quam
966 805 1039 852 cum
1073 785 1340 852 Atheniensibus,
1396 787 1507 872 Neque
1598 822 1602 827 ·

334 912 447 960 eorum
482 896 614 960 animos
646 896 868 959 commutatos
904 911 981 958 esse
1021 896 1142 976 experti
1175 898 1255 958 sunt
1285 892 1506 960 Athenienses

332 1018 420 1067 anno
438 998 606 1083 Ι3444343,
636 999 692 1066 ubi
721 1001 770 1066 eis
795 997 905 1083 Argivi
936 1006 1034 1084 atquc
1057 1000 1217 1066 lilessenii
1247 1001 1424 1084 opprobrio
1449 1001 1507 1066 de-

307 1097 459 1186 derunt,
484 1106 874 1192 quod‘·Lacedaemoni0s
898 1103 1149 1188 adiuvissent1).

357 1239 358 1242 ¹
421 1212 551 1297 Optime
582 1216 678 1298 igitur
702 1213 866 1297 quadrant
888 1211 1092 1296 Theopompi
1117 1212 1216 1278 verba
1240 1213 1281 1278 ad
1307 1213 1339 1279 id
1363 1219 1507 1297 tempus,

331 1339 398 1404 quo
422 1324 563 1404 primum
588 1320 727 1387 Athenis
752 1319 793 1386 de
817 1337 896 1402 pace
921 1318 1120 1386 Philocratea
1145 1319 1359 1386 deliberatum
1385 1326 1444 1387 est.

421 1426 527 1511 Atque
552 1433 678 1494 restant
701 1425 783 1493 haec
810 1426 954 1508 „Xc‘uvc
982 1423 1021 1486 dd
1044 1427 1111 1486 nai
1129 1417 1297 1496 Ῥοδίους
1320 1426 1383 1488 καὶ
1411 1425 1506 1496 τοὺς

330 1537 478 1594 τούτων
501 1535 724 1612 συμμάχους
748 1531 830 1614 πρὸς
851 1529 913 1612 μὲν
934 1529 992 1618 τὴν
1016 1531 1113 1594 πόλιν
1133 1527 1254 1615 ἐχθρῶς
1273 1533 1504 1612 διακειμένους,

334 1637 493 1724 Φιλίππῳ
509 1639 551 1701 δὲ
576 1638 654 1718 περὶ
676 1638 785 1720 φιλίας
807 1637 1084 1718 διαλεγομένονς“.
1422 1702 1424 1705 ,

420 1747 510 1824 Quae
542 1766 731 1833 quanquam
765 1750 897 1813 maximi
934 1751 1092 1814 momenti
1122 1754 1209 1827 sunt,
1240 1767 1314 1814 cum
1340 1767 1504 1832 perpauca

332 1856 401 1920 sint
423 1857 625 1936 testimonia,
650 1873 734 1937 quae
758 1853 798 1919 ad
824 1872 877 1920 res
902 1857 936 1920 in
960 1854 1014 1920 his
1039 1856 1159 1920 insulis
1184 1854 1374 1921 Philocratis
1398 1860 1505 1921 aetate

329 1959 433 2028 iactas
459 1965 633 2046 pertinent,
658 1961 766 2028 adhuc
789 1980 856 2028 non
881 1964 965 2028 satis
991 1967 1071 2028 sunt
1095 1961 1262 2045 explicata.

419 2069 465 2135 De
481 2067 572 2135 Chiis
597 2068 677 2135 nihil
702 2068 789 2134 aliud
806 2073 882 2134 ante
898 2068 1029 2153 Didymi
1050 2071 1321 2135 commentarium
1339 2075 1501 2152 repertum

329 2181 397 2242 erat
421 2181 536 2243 notum
561 2178 625 2242 nisi
651 2182 728 2260 post
752 2194 865 2260 pacem
891 2194 964 2242 cum
990 2175 1249 2242 Atheniensibus
1272 2175 1392 2242 iactam
1417 2180 1503 2259 opti-

329 2289 435 2350 mates
458 2301 564 2348 rerum
583 2286 707 2366 potitos
724 2301 810 2350 esse.
844 2282 936 2361 Tum,
961 2301 1035 2348 cum
1053 2283 1294 2349 Demosthenes
1318 2286 1499 2349 orationem

330 2390 371 2456 de
411 2389 559 2456 libertate
598 2389 800 2458 Rhodiorum
840 2389 964 2470 habuit,
1004 2388 1073 2456 Chii
1111 2395 1201 2456 erant
1235 2389 1325 2456 liberi
1362 2393 1501 2473 imperio

196 2536 199 2541 >
329 2497 445 2564 Carum
454 2493 488 2579 ²).
512 2495 578 2563 Sed
596 2496 737 2581 legimus
755 2500 787 2563 in
804 2499 919 2582 quinta
936 2500 1008 2563 eius
1022 2493 1205 2578 orationei)
1219 2497 1298 2562 haec
1315 2489 1436 2577 »ἐῶμεν
1453 2549 1459 2562 .
1474 2549 1500 2563 ..

327 2602 384 2664 τὸν
405 2606 497 2686 Κᾶρα
520 2600 578 2674 τὰς
600 2603 715 2689 νήσους
738 2601 1000 2684 καταλαμβάνειν
1016 2607 1099 2664 Χίον
1122 2602 1177 2664 καὶ
1196 2607 1269 2664 Κῶν
1292 2602 1347 2664 καὶ
1362 2595 1500 2670 ‘Portant

328 2710 456 2788 Quibus
496 2730 535 2777 ex
565 2712 676 2803 verbis
708 2722 816 2779 utrum
853 2718 1008 2796 appareat
1043 2731 1132 2778 anno
1166 2712 1232 2778 346
1268 2713 1341 2778 illas
1372 2711 1501 2778 insulas

227 2867 228 2870 ,
327 2818 434 2885 luisse
467 2818 531 2885 sub
556 2817 672 2885 Carum
697 2825 861 2903 potestate
889 2838 932 2885 an
961 2819 1002 2886 ab
1027 2819 1286 2886 Atheniensibus
1310 2818 1408 2886 Cares
1432 2839 1499 2886 non

328 2924 491 3009 prohiberi
524 2923 645 3006 Chios,
662 2925 758 3007 Coos,
787 2926 936 2994 Rhodios
965 2926 1099 2992 domare
1128 2926 1211 2992 inira
1234 2926 1413 2992 videndum
1439 2934 1499 2993 est.

327 3032 433 3117 Atque
461 3053 501 3100 ex
526 3034 586 3100 hac
610 3033 802 3100 Philocratis
827 3036 983 3114 oratione,
1008 3052 1105 3118 quam
1136 3033 1281 3099 habitam
1307 3053 1383 3099 esse
1406 3040 1498 3099 ante·
1617 3081 1619 3086 ,

326 3160 425 3225 quam
456 3160 520 3225 pax
550 3144 623 3225 ipsa
654 3147 769 3207 sancta
794 3147 886 3208 esset
908 3139 1145 3224 Theopompus
1169 3140 1273 3219 tinxit,
1303 3146 1392 3223 patet
1416 3144 1499 3207 inter

326 3267 450 3315 annum
481 3248 545 3314 351
571 3255 604 3315 et
627 3267 750 3314 annum
775 3247 840 3313 346
864 3246 965 3314 Chios
990 3250 1063 3313 suis
1088 3251 1235 3331 ipsorum
1262 3248 1390 3331 legibus
1416 3267 1498 3314 usos

327 3361 360 3421 et
383 3355 531 3424 Rhodios
556 3375 575 3422 a
599 3353 738 3422 Caribus
762 3354 918 3421 liberatos
942 3373 1028 3421 esse.
1064 3354 1155 3431 Quos
1179 3354 1220 3419 ab
1238 3354 1498 3421 Atheniensibus

327 3461 434 3529 luisse
463 3462 668 3529 abalienatos
701 3463 818 3528 mirum
850 3481 919 3528 non
952 3462 1017 3541 est,
1055 3467 1167 3544 utpote
1200 3465 1255 3545 qui
1286 3461 1326 3527 ab
1357 3466 1404 3527 eis
1430 3482 1495 3528 non

327 3569 430 3637 multo
454 3576 531 3636 ante
555 3568 763 3635 deiecissent
810 3568 881 3635 liuc
904 3568 1089 3650 accedebat,
1117 3569 1206 3652 quod
1231 3569 1271 3635 ab
1302 3571 1350 3635 eis
1374 3568 1496 3652 repulsi

325 3673 424 3757 erant,
455 3696 528 3744 cum
564 3695 651 3743 anno
686 3675 751 3741 351
788 3675 946 3741 auxilium
982 3682 1094 3742 contra
1130 3675 1227 3742 Cares
1259 3672 1497 3760 petivissent⁴).

325 3783 418 3861 Quod
458 3784 552 3851 solus
589 3786 637 3850 eis
668 3782 751 3848 ferre
784 3785 890 3867 potuit
923 3782 1103 3866 Philippus,
1137 3802 1278 3866 quocum
1311 3782 1494 3848 secundum

293 3958 295 3964 ,
323 3889 573 3975 Theopompum
607 3890 671 3957 sub
703 3909 826 3956 annum
860 3890 926 3956 347
951 3891 991 3955 de
1021 3890 1152 3956 loedere
1175 3890 1326 3957 iaciendo
1350 3899 1496 3973 egerunt.

324 3996 487 4073 Quoniam
522 3998 573 4063 ille
610 3998 697 4081 apud
733 4016 850 4063 omnes
884 3999 1034 4063 civitates
1066 4016 1244 4081 paucorum
1278 3998 1494 4063 dominationi

415 4282 433 4343 ¹)
453 4287 619 4342 Schaeier
639 4280 676 4341 ll²
696 4305 722 4355 p.
741 4290 802 4342 355.

303 4363 306 4368 ¹
412 4368 431 4433 ²)
453 4378 527 4431 Dem.
546 4378 600 4443 XV,
620 4379 650 4443 33
671 4377 705 4431 cl.
724 4377 883 4443 dudeich,
904 4378 1064 4434 Kleinasiat.
1083 4376 1161 4431 Stud.
1181 4394 1208 4445 p.
1227 4378 1288 4431 244.

411 4454 641 4531 nmmum

410 4549 433 4617 ⁴)
453 4556 492 4611 Ci.
513 4572 576 4610 van
596 4555 730 4621 Gelder,
750 4555 848 4611 Gesch.
868 4558 894 4610 d.
914 4556 961 4610 alt.
982 4556 1102 4611 Rhodier
1121 4572 1146 4623 p.
1166 4557 1208 4609 93.
