3667 5350
809 610 1030 675 ..ῃ..

323 787 463 869 cogitari
489 805 554 852 non
580 791 690 869 potest
700 785 731 868 ¹).
767 787 869 853 immo
887 805 964 853 vero
982 787 1044 854 hoc
1060 787 1286 871 fragmentum
1305 788 1511 856 referendum

325 897 383 958 est
406 891 447 957 ad
473 911 543 957 eam
570 898 722 973 aetatem,
748 892 803 958 ubi
829 896 991 960 exercitus
1012 894 1234 960 lhacedonum
1259 915 1277 960 a
1302 915 1377 980 rege
1402 896 1511 962 denuo

336 1001 538 1065 constitutus
564 1004 622 1065 est.
663 999 757 1075 Quod
784 1003 847 1065 iam
873 1007 949 1066 ante
967 1000 1186 1066 Alexandrum
1204 1001 1364 1086 diagnum
1388 1002 1511 1069 iactum

326 1123 407 1170 esse
454 1111 568 1170 notum
623 1111 674 1172 est
694 1105 715 1186 ).
780 1106 834 1172 liis
881 1112 991 1172 autem
1042 1109 1169 1184 causis,
1219 1107 1342 1191 quibus
1395 1107 1513 1181 Kaerst

333 1210 481 1284 Kochleri
521 1215 719 1278 sententiam
757 1212 924 1292 refutavit,
964 1216 1020 1296 qui
1058 1211 1100 1278 ab
1137 1213 1295 1281 Archelao
1334 1217 1511 1281 exercitum

333 1321 377 1383 ita
409 1321 598 1384 institutum
631 1338 707 1385 esse
741 1323 882 1403 putauit,
914 1319 1086 1400 nihilne
1119 1322 1183 1385 sim
1220 1321 1349 1404 longus,
1381 1322 1511 1420 addam.

330 1424 445 1507 Neque
468 1444 546 1492 vero
571 1429 719 1510 cogimur
743 1444 816 1490 cum
840 1425 991 1498 Kaerstio
1016 1428 1090 1509 ipso
1115 1423 1147 1508 (l.
1172 1445 1197 1492 c.
1222 1446 1252 1510 p.
1276 1427 1350 1508 115,
1374 1427 1406 1506 3)
1431 1427 1510 1492 illud

327 1531 554 1614 *fragmentum
579 1531 620 1597 ad
639 1531 823 1615 Philippum
850 1531 976 1598 relerre.
1014 1531 1067 1598 llle
1091 1535 1179 1598 enim
1205 1536 1269 1599 iam
1295 1534 1393 1618 paulo
1418 1539 1512 1617 post-

334 1656 434 1722 quam
459 1657 515 1704 rex
538 1638 647 1705 factus
671 1646 723 1732 est
748 1643 890 1705 exercitu
915 1643 1039 1723 optime
1057 1642 1218 1707 instructo
1235 1643 1339 1706 victor
1355 1640 1512 1706 hostibus

333 1746 459 1810 restitit.
513 1745 645 1813 Rectius
678 1748 776 1829 igitur
806 1745 935 1812 videtur
967 1745 1046 1811 mihi
1080 1745 1281 1813 iudicavisse
1312 1745 1510 1828 Schaeieril,

333 1854 389 1934 qui
419 1857 513 1934 putat
538 1851 579 1918 ab
604 1851 789 1918 Alexandro
815 1853 845 1932 ll,
874 1851 971 1919 iratre
1002 1852 1140 1936 Philippi
1172 1855 1303 1933 maiore,
1333 1857 1510 1919 exercitum

333 1960 375 2022 ita
401 1960 588 2024 institutum
614 1977 699 2025 esse.
739 1959 800 2035 Qui
826 1978 1016 2042 quanquam
1042 1978 1108 2025 non
1135 1960 1238 2026 multo
1263 1959 1389 2027 diutius
1410 1979 1510 2044 quam

336 2083 437 2129 unum
473 2083 597 2130 annum
634 2069 790 2149 regnavit,
827 2071 939 2131 tamen
975 2064 1092 2132 lortem
1130 2072 1229 2150 atque
1265 2073 1437 2133 strenuum
1474 2086 1511 2133 se

332 2169 535 2254 praestitit4).
568 2171 693 2247 Quodsi
719 2173 982 2238 consideraveris
999 2171 1040 2238 ab
1059 2173 1217 2257 Iphicrate
1237 2179 1268 2239 et
1283 2173 1511 2257 Epaminonda

327 2282 411 2343 tunc
439 2283 542 2344 totam
567 2297 635 2344 rem
661 2262 834 2345 militarem
859 2284 1094 2345 commutatam
1117 2286 1218 2362 atque
1233 2282 1330 2345 novis
1348 2282 1511 2346 institutis

237 2380 240 2385 ’
334 2390 534 2451 exstructam
574 2405 665 2466 esse,
710 2385 881 2469 intelleges
921 2388 988 2451 veri
1028 2387 1137 2452 simile
1177 2385 1309 2469 quidem
1353 2405 1430 2452 esse
1469 2385 1510 2450 ad

333 2489 554 2557 Alexandrum
581 2492 602 2556 11
628 2499 776 2576 spectare
801 2492 863 2559 hoc
886 2491 1118 2576 fragmentum.
1165 2492 1238 2568 Quo
1262 2491 1395 2569 accedit,
1422 2491 1510 2574 quod

331 2595 567 2664 Anaximenem
591 2601 697 2683 primo
724 2596 935 2660 Φιλιππικῶν
960 2597 1042 2665 libro
1061 2618 1114 2665 res
1131 2597 1364 2665 illacednnicas
1380 2603 1509 2663 tantum

335 2722 441 2787 usque
469 2705 510 2771 ad
536 2705 675 2790 Philippi
702 2706 734 2771 111
760 2710 850 2791 regni
877 2708 1005 2772 initium
1031 2712 1145 2790 gestas
1168 2708 1364 2772 tractavisse
1390 2703 1510 2788 proba-

358 2811 377 2876 il
422 2830 439 2877 e
460 2807 512 2879 t⁶.

333 2810 354 2877 b
381 2830 398 2877 e
423 2811 632 2999 Eiszutem,
662 2938 746 3002 quae
775 2920 816 2985 de
842 2920 1055 2986 Anaximenis
1084 2919 1270 3003 iragmento
1294 2919 1315 2984 8
1339 2938 1379 2984 ex
1403 2920 1510 3002 primo

336 3023 419 3090 libro
449 3032 584 3109 sumpto
613 3029 811 3110 conscripsit
835 3026 1047 3100 Reichmann
1072 3026 1153 3092 nihil
1178 3025 1308 3092 addam.
1354 3023 1444 3101 Quae
1469 3023 1510 3090 de

300 3162 302 3166 ·
334 3129 530 3214 fragmentis
555 3135 587 3198 in
609 3150 733 3217 papyro
751 3132 953 3199 Berolinensi
970 3133 1058 3198 5008
1079 3128 1241 3212 traditis⁶l
1262 3130 1401 3197 dicenda
1418 3136 1510 3196 erant

423 3377 444 3443 ¹)
464 3384 591 3440 Concidit
607 3389 690 3455 igitur
709 3386 887 3442 Reichmanni
903 3391 1107 3453 argumentum,
1127 3400 1183 3453 quo
1197 3384 1389 3437 demonstrare
1401 3383 1509 3435 studuit

336 3464 490 3521 Φιλιππικᾶ
516 3482 581 3542 post
600 3491 712 3540 annum,
742 3477 789 3529 ubi
809 3476 905 3528 Persae
926 3476 953 3527 in
972 3474 1121 3527 Alexandri
1141 3474 1291 3527 exercitum
1312 3473 1414 3539 recepti
1434 3478 1509 3533 sunt,

336 3565 493 3631 conscripta
520 3565 563 3618 vel
584 3565 656 3618 edita
677 3580 745 3619 esse.
784 3564 895 3621 Rectius
920 3579 951 3617 ea
972 3570 1037 3630 post
1056 3578 1079 3616 a.
1099 3563 1153 3616 330
1172 3564 1276 3629 scripta
1296 3562 1339 3615 vel
1360 3566 1508 3614 retractata

334 3668 395 3706 esse
418 3655 556 3721 cogitavit
575 3653 727 3707 Wendland
753 3646 891 3712 (Anaxim.
912 3668 939 3704 v.
960 3653 1067 3719 Lamps.
1088 3667 1114 3718 p.
1135 3651 1168 3704 12
1187 3665 1223 3689 =
1241 3651 1332 3703 ilerm.
1353 3667 1379 3703 v.
1400 3649 1509 3702 xxxix.

261 3761 265 3767 ’
335 3741 412 3806 1904,
433 3757 459 3808 p.
479 3736 552 3806 430),
581 3742 656 3810 quod
676 3742 860 3796 Anaximenes
881 3757 948 3795 usus
968 3748 1010 3794 est
1031 3739 1226 3794 Demosthenis
1246 3740 1372 3793 oratione
1400 3738 1508 3792 decor.

330 3830 438 3885 habita.

423 3913 443 3980 ²)
462 3919 502 3974 Cf.
523 3921 717 3985 Kaerst,l.
738 3921 755 3973 l.
775 3936 801 3987 p.
822 3921 882 3984 115,
901 3921 927 3983 3,
948 3920 1009 3972 135.

356 3994 360 4001 ’
424 4004 908 4073 ³l50naefer‚l.c.ll‚3n,2.

422 4092 443 4159 ⁴)
464 4099 650 4164 Kaerst,l
676 4115 701 4166 p.
722 4099 782 4163 132,
809 4097 940 4162 Niese,
967 4096 1064 4151 Gesch.
1086 4095 1111 4148 d.
1132 4110 1173 4163 gr.
1193 4110 1219 4147 u.
1240 4094 1344 4147 maced.
1364 4091 1507 4148 Staatenl

329 4206 360 4258 p.
380 4190 423 4244 27.

423 4270 445 4339 5)
466 4279 509 4332 rr.
535 4278 646 4343 Blass,
685 4277 757 4330 Neue
791 4274 1017 4343 Papyrusiragm.
1048 4275 1083 4327 im
1113 4262 1216 4341 Agypt.
1244 4271 1316 4325 nius.
1346 4287 1379 4324 zu
1410 4270 1509 4323 Berlin·

334 4368 426 4423 llerm.
446 4367 522 4433 XVll,
543 4368 620 4431 1882,
641 4383 668 4434 p.
688 4368 747 4420 154.

424 4448 443 4517 6)
463 4457 564 4511 Extant
585 4459 612 4510 in
632 4472 663 4510 ea
683 4457 762 4509 lexici
787 4455 821 4508 ad
842 4454 916 4507 Dem.
937 4459 1007 4507 orat.
1031 4454 1058 4505 in
1078 4450 1211 4504 Aristocr.
1232 4450 1295 4502 hab.
1316 4447 1507 4515 explicandam

332 4549 486 4614 compositi
506 4546 670 4615 fragmenta.
709 4546 817 4608 Blass,
837 4544 853 4597 l.
874 4559 896 4597 c.
917 4558 945 4609 p.
965 4542 1016 4595 150
1035 4556 1096 4609 sqq·
1133 4538 1215 4593 Arch.
1233 4538 1252 4591 i.
1274 4536 1462 4604 Pap-Forsch.
1477 4536 1508 4590 111
