3667 5350
804 591 1025 657 .-60-

326 789 344 835 a
370 769 459 835 nulio
485 770 606 836 scelere
631 767 792 835 abhorret.
839 768 908 834 iioc
928 774 1036 834 autem
1061 767 1168 834 fuisse
1192 767 1394 853 Theopompi
1421 787 1502 836 con-

326 876 437 941 silium
463 876 628 942 scribendi
654 875 741 959 apud
767 874 939 959 Polybium
964 876 1115 965 legimus.
1155 874 1261 959 Atque
1286 878 1369 942 satis
1387 876 1502 942 multis

326 983 407 1049 locis
432 1002 507 1048 eum
533 1001 606 1049 cum
625 983 749 1048 Iustino
771 1001 950 1065 congruere
974 981 1258 1048 demonstravisse
1283 982 1361 1047 mihi
1378 982 1504 1049 videor.

326 1087 521 1172 Quanquam
557 1089 597 1155 de
629 1087 854 1172 compluribus
887 1089 1001 1155 tustini
1035 1089 1251 1172 paragraphis
1287 1095 1372 1155 certa
1403 1109 1502 1173 argu-

327 1203 436 1262 menta
463 1214 528 1262 non
554 1196 761 1279 protulimus,
792 1195 916 1260 nullum
945 1197 1134 1261 invenimus
1158 1198 1345 1279 vestigium,
1370 1215 1409 1261 ex
1433 1216 1504 1281 quo

326 1308 496 1385 appareret
520 1305 618 1368 etiam
643 1302 717 1367 aliis
742 1320 781 1366 ex
798 1287 949 1368 lontibus
966 1301 1157 1384 Pompeium
1174 1300 1316 1385 Trogum
1335 1301 1504 1369 hausisse.

416 1408 543 1475 Accedo
573 1408 613 1474 ad
640 1407 758 1474 librum
784 1414 947 1487 octavum,
976 1410 1071 1473 cuius
1102 1411 1133 1472 in
1159 1411 1265 1490 primo
1290 1412 1396 1492 capite
1421 1410 1506 1493 legi-

327 1534 402 1580 mus
439 1515 583 1582 Graecos
619 1518 702 1581 inter
738 1534 774 1580 se
809 1508 980 1581 discordes
1016 1514 1057 1580 de
1092 1517 1275 1598 principatu
1312 1519 1505 1596 certavisse,

327 1622 469 1705 denique
505 1627 614 1687 autem
652 1640 670 1686 a
703 1621 853 1705 Philippo
889 1639 1073 1704 oppressos
1108 1639 1193 1687 esse.
1248 1621 1335 1688 ilaec
1370 1621 1506 1705 Ephoro

327 1729 441 1795 tribuit
462 1727 625 1795 Schubert
649 1726 691 1812 (p.
709 1726 772 1810 44),
797 1731 891 1794 cuius
913 1726 1012 1793 verba
1038 1727 1217 1811 „derartige
1238 1728 1504 1813 Betrachtungen

327 1834 456 1901 diiriten
489 1854 541 1901 am
574 1833 691 1902 besten
721 1838 827 1901 einem
860 1834 1097 1918 Zeitgenossen
1121 1837 1182 1901 wie
1211 1834 1361 1918 Ephorus
1373 1835 1394 1913 ¹)
1429 1841 1506 1902 ent-

327 1941 507 2025 sprechen“
535 1945 625 2008 omni
651 1945 681 2006 ui
707 1941 959 2030 argumentandi
986 1946 1104 2007 carent.
1139 1942 1252 2007 Thalim
1270 1948 1380 2008 autem
1401 1946 1502 2009 etiam

326 2047 406 2114 haec
434 2048 607 2129 „Graeciae
632 2051 791 2129 ciuitates,
816 2049 895 2114 dum
921 2051 1081 2132 imperare
1101 2049 1252 2132 singulae
1269 2051 1414 2132 cupiunt,
1439 2052 1503 2114 im-

326 2158 451 2238 perium
470 2174 588 2222 omnes
607 2154 837 2240 perdiderunt“
857 2155 898 2221 ad
912 2155 1162 2239 Theopompum
1181 2154 1307 2234 referre,
1325 2159 1379 2240 qui
1400 2174 1501 2239 quam

325 2261 538 2328 vehementer
555 2265 586 2327 in
605 2261 826 2329 Athenienses
845 2262 955 2328 invehi
973 2261 1094 2328 solitus
1111 2264 1155 2328 sit
1172 2265 1256 2328 satis
1276 2267 1390 2328 notum
1411 2259 1501 2345 esti).

326 2369 438 2453 Neque
461 2384 539 2435 uero
569 2368 610 2435 ab
639 2388 678 2436 eo
707 2370 816 2436 solum
843 2369 1064 2436 Athenienses
1087 2370 1292 2452 vituperatos
1320 2388 1405 2449 esse,
1439 2370 1500 2435 sed

326 2479 424 2542 etiam
450 2476 728 2543 lacedaemonios
753 2482 784 2542 et
807 2476 984 2543 Thebanos
1010 2475 1087 2541 mihi
1114 2472 1256 2560 pateret)
1285 2479 1435 2559 persuasi
1461 2495 1503 2541 ex

316 2601 374 2663 eo,
407 2583 496 2666 quod
530 2582 750 2649 Anaximenes
783 2586 855 2649 eius
889 2602 1013 2648 morem
1049 2582 1213 2649 scribendi
1246 2584 1394 2648 imitatus
1426 2585 1502 2665 Τρι-

326 2692 467 2770 κάρανον
484 2710 558 2756 eum
582 2690 680 2756 tinxit
704 2697 958 2775 componentem
984 2684 1015 2760 ἐς
1032 2684 1225 2772 Ἀθηναίους
1248 2688 1303 2750 καὶ
1318 2683 1377 2750 ἐπὶ
1395 2695 1504 2750 Aone-

324 2796 504 2874 δαιμονίοις
528 2796 609 2874 ὁμοῦ
632 2795 687 2857 καὶ
714 2797 907 2879 oppeteret),
932 2817 998 2882 quo
1024 2800 1146 2862 maiore
1170 2796 1259 2880 apud
1282 2796 1425 2863 Graecos
1448 2796 1502 2863 ilie

325 2903 402 2970 odio
438 2901 693 2985 allicerenturil.
741 2905 900 2971 Proximis
941 2911 1049 2970 autem
1087 2903 1303 2987 paragraphis
1332 2902 1501 2970 Thebanis

326 3028 459 3078 summo
476 3013 602 3076 crimini
622 3010 725 3090 datur,
750 3010 838 3095 quod
857 3010 1135 3076 lacedaemonios
1156 3015 1187 3075 et
1205 3008 1391 3075 Phocenses
1409 3011 1499 3093 apud

326 3136 501 3184 commune
523 3116 679 3183 Graeciae
704 3112 907 3195 concilium⁶i
939 3116 1082 3200 superbe
1110 3118 1347 3182 accusaverint.
1393 3114 1500 3199 Atque

326 3224 357 3290 id
383 3224 559 3307 Pompeius
583 3224 662 3289 dicit
685 3228 734 3290 eis
759 3227 872 3290 maiori
899 3222 1076 3308 opprobrio
1104 3222 1211 3288 fuisse
1235 3241 1334 3306 quam
1352 3222 1499 3288 Phocen-

324 3330 430 3407 sibus,
447 3331 535 3415 quod
552 3333 712 3417 tempium
729 3331 892 3416 Apollinis
909 3330 1051 3395 dirutum
1071 3326 1201 3411 essetli.
1228 3328 1340 3413 Neque
1355 3334 1499 3414 praeter-

414 3542 436 3607 ¹)
456 3547 544 3602 Etiam
564 3548 761 3616 Theopompus
781 3554 839 3601 erat
860 3547 976 3615 Philippi
997 3546 1128 3614 aequalis.

414 3627 435 3691 ²)
455 3636 495 3691 cf.
515 3637 618 3704 Theop.
639 3637 736 3705 fragm.
758 3637 822 3702 1673
842 3637 903 3689 172.

413 3716 435 3787 8)
455 3725 494 3780 CT.
520 3724 550 3779 A.
576 3726 664 3790 Riese,
691 3725 788 3780 Jahrb.
815 3725 834 3778 i.
861 3725 956 3778 Philol
983 3725 1053 3777 1870
1080 3740 1106 3792 p.
1132 3725 1192 3777 684.
1230 3724 1359 3789 brzosha,
1389 3723 1498 3792 Paulyi·

324 3816 474 3869 wissowae
495 3814 686 3883 Real-Encyhl.
707 3816 714 3868 l
735 3815 786 3869 col.
806 3815 876 3868 2096
895 3808 1111 3871 (Anaximenes).

414 3897 436 3965 ⁴)
458 3906 572 3958 Pausan.
592 3903 635 3968 Vl,
655 3906 697 3970 18,
717 3906 741 3958 5.

413 3988 435 4052 ⁶)
463 3994 499 4047 De
519 3992 762 4062 Amphictionibus
787 3995 872 4047 verba
896 3992 963 4046 iecit
981 3992 1179 4059 Theopompus
1203 3992 1285 4044 etiam
1312 3991 1338 4043 in
1365 3990 1411 4042 lib.
1431 3988 1497 4042 Vlll.

324 4081 364 4136 α’
382 4082 543 4230 ᾐῖῗωῄῃῖῗ
563 4171 656 4226 tustini
684 4172 768 4225 verba
798 4164 874 4235 (Vlll,
899 4180 917 4222 1.
936 4165 973 4228 ro)
1003 4170 1130 4234 „Factum
1161 4168 1356 4232 Phocensium,
1385 4168 1496 4220 tametsi

324 4276 421 4315 omnes
441 4266 634 4314 execrarentur
658 4266 772 4328 propter
796 4260 979 4327 sacrilegium,
1009 4259 1072 4325 plus
1096 4263 1188 4310 tamen
1208 4257 1330 4310 invidiae
1349 4255 1497 4321 Thebanis,

324 4366 339 4403 a
363 4351 464 4417 quibus
494 4350 527 4403 ad
558 4351 629 4404 hanc
658 4350 851 4403 necessitatem
881 4347 1018 4414 compulsi
1044 4346 1163 4411 fuerant,
1192 4361 1274 4413 quam
1301 4345 1368 4412 ipsis
1394 4344 1496 4428 intulit.

324 4438 418 4507 itaquo
437 4439 539 4493 auxilia
560 4439 603 4492 his
623 4445 650 4493 et
669 4440 704 4491 ab
724 4437 940 4492 Atheniensibus
960 4443 987 4490 et
1006 4452 1021 4489 a
1042 4435 1266 4489 lacedaemoniis
1285 4421 1386 4487 missa‘¹
1414 4434 1498 4487 nimis

323 4530 424 4595 pressit
447 4526 585 4582 Schubert
609 4529 646 4581 ita
667 4527 777 4581 locutus
804 4527 847 4591 „ln
868 4526 920 4580 den
941 4526 1042 4579 letzten
1061 4524 1174 4578 Worten
1194 4522 1262 4576 wird
1287 4522 1346 4575 hier
1365 4522 1413 4575 der
1431 4521 1499 4575 Ver-
