3667 5350
812 1412 921 1495 Pars
952 1414 1043 1495 lll.
1088 1510 1090 1515 Ι

326 1590 377 1663 De
400 1590 515 1663 lustini
539 1591 702 1663 librorum
727 1596 769 1663 ad
792 1590 938 1770 Pqilippg
961 1592 1056 1680 regis
1081 1593 1231 1664 aetatem
1256 1593 1500 1692 pertinentium

845 1699 914 1769 onli
941 1719 992 1770 us.
1078 1722 1080 1727 ·
1409 1717 1413 1723 ·

414 1843 543 1920 Quibus
567 1843 718 1910 fontibus
743 1829 919 1928 Pompeius
943 1843 1071 1928 Trogus
1095 1844 1146 1910 vel
1172 1848 1201 1910 is
1226 1863 1332 1910 rerum
1358 1847 1501 1927 scriptor

327 1950 473 2020 Graecus
504 1970 600 2036 quem
627 1952 680 2018 ille
705 1959 841 2017 secutus
866 1953 926 2029 est,
955 1954 987 2016 in
1013 1951 1169 2017 liistoriis
1194 1951 1384 2034 Philippicis
1414 1970 1501 2018 usus

325 2043 377 2137 sit,
404 2058 559 2142 indagare
584 2057 718 2124 difficile
735 2065 795 2125 est.
831 2057 1004 2124 Permultis
1030 2062 1116 2124 enim
1142 2077 1181 2124 ex
1205 2057 1397 2124 auctoribus
1416 2057 1501 2123 hau-

325 2168 385 2231 rire
409 2171 508 2250 atque
533 2184 579 2244 ea,
604 2183 688 2249 quae
704 2165 802 2258 apud
818 2183 876 2231 eos
902 2168 1080 2244 invenerat,
1102 2151 1301 2248 coniungere
1326 2163 1500 2242 solebatl).

314 2271 390 2358 ¹Sed
417 2275 550 2338 nomina
576 2291 687 2338 eorum
713 2272 846 2339 silentio
863 2274 1036 2356 praeteriit.
1075 2271 1145 2337 lluc
1162 2271 1296 2351 accedit,
1321 2270 1409 2355 quod
1431 2290 1499 2338 non

323 2379 488 2444 Historiae
506 2378 704 2462 Philippicae
729 2361 821 2463 ipsae
845 2384 966 2457 extant,
991 2378 1050 2444 sed
1076 2381 1222 2461 epitoma
1238 2383 1366 2443 tantum
1385 2397 1498 2444 earum

324 2504 342 2550 a
375 2486 500 2552 lustino
535 2489 619 2551 satis
654 2489 763 2569 inepte
800 2490 949 2568 excerpta
985 2491 1016 2551 et
1044 2485 1171 2569 prologi
1201 2486 1346 2551 auctoris
1376 2487 1500 2564 incerti,

325 2611 422 2677 quem
458 2611 496 2658 ex
520 2591 626 2677 Trogo
659 2596 733 2677 ipso
762 2592 919 2658 hausisse
947 2597 1086 2658 constat.
1124 2589 1357 2656 Difficillimum
1388 2596 1498 2657 autem

324 2705 376 2766 est
401 2718 556 2783 quaerere
585 2700 625 2766 de
649 2698 800 2766 fontibus
825 2718 938 2766 eorum
965 2698 1130 2777 librorum,
1165 2701 1219 2783 qui
1245 2698 1285 2763 ad
1310 2697 1497 2781 Philippum

325 2805 498 2871 Alexandri
516 2806 628 2890 lllagni
652 2812 776 2889 patrem
796 2809 968 2890 pertinent,
990 2808 1067 2890 quia
1087 2824 1249 2888 perpauca
1266 2810 1365 2888 atque
1380 2807 1499 2888 exigua

324 2920 405 2979 sunt
436 2912 620 2996 fragmenta
653 2931 776 2991 eorum,
809 2916 864 2996 qui
897 2912 985 2978 illius
1015 2917 1155 2978 aetatem
1185 2912 1444 2994 descripserunt,
1467 2918 1500 2977 et

325 3018 498 3099 Diodorus,
520 3019 722 3101 Plutarchus,
742 3018 936 3103 Polyaenus,
952 3018 1015 3098 alii,
1036 3021 1090 3102 qui
1109 3018 1150 3084 de
1167 3037 1205 3084 eo
1223 3024 1368 3101 egerunt,
1385 3036 1498 3084 eorum

325 3132 496 3193 auctorum
522 3129 657 3192 nomina
681 3129 873 3206 omiserunt,
896 3125 1020 3210 quibus
1044 3144 1106 3191 sua
1131 3124 1323 3191 debuerunt.
1370 3123 1500 3200 Quibus

326 3234 367 3299 de
400 3237 512 3299 causis
543 3233 666 3300 factum
700 3238 759 3313 est,
793 3240 829 3299 ut
862 3233 902 3298 de
935 3233 1069 3317 reliquis
1104 3230 1195 3297 libris
1229 3232 1322 3297 multi
1356 3235 1500 3315 agerent,

318 3359 465 3425 quorum
481 3344 513 3406 in
528 3343 643 3423 primis
660 3340 886 3407 nominandus
900 3346 952 3406 est
965 3339 999 3405 n.
1014 3339 1054 3406 de
1070 3338 1281 3420 Gutschmid;
1295 3356 1401 3423 neque
1421 3356 1500 3405 vero

326 3450 514 3530 quisquam,
533 3453 693 3530 quantum
713 3450 792 3526 scio,
809 3449 994 3514 accuratius
1008 3445 1119 3512 fontes
1135 3445 1205 3511 libr.
1215 3444 1278 3525 Vll,
1295 3445 1421 3525 vr-lll,
1434 3457 1500 3523 vill,

325 3553 448 3637 quibus
466 3556 636 3636 expositae
656 3559 735 3620 sunt
752 3554 890 3638 Philippi
907 3553 1103 3619 lllacedonis
1123 3570 1174 3617 res
1192 3557 1314 3636 gestae,
1332 3554 1500 3618 examina-

316 3664 373 3737 ¹vit
398 3664 462 3726 nisi
480 3657 685 3743 Schubert').
732 3661 844 3745 Neque
860 3679 939 3727 vero
964 3662 993 3726 is
1010 3659 1139 3726 videtur
1156 3658 1235 3724 mihi
1253 3661 1389 3725 omnino
1414 3666 1500 3725 rect'e

326 3768 501 3835 iudicasse.
549 3768 718 3836 Profectus
748 3771 834 3834 enim
867 3773 919 3834 est
943 3786 982 3833 ex
1007 3767 1150 3833 Diodoro
1179 3766 1329 3850 aliisque,
1358 3785 1499 3850 quorum

326 3874 366 3939 de
390 3873 540 3940 fontibus
566 3875 645 3942 nihil
670 3874 737 3941 fere
761 3878 837 3941 certi
863 3880 1002 3941 constat.
1039 3873 1085 3940 lle
1110 3876 1181 3956 ipse
1199 3873 1331 3957 quidem
1354 3873 1396 3956 ad
1415 3873 1501 3949 hanc

417 4051 436 4118 ¹)
457 4056 496 4111 Cf.
510 4056 542 4113 h.
557 4074 622 4111 von
642 4056 859 4121 Gutschmid,
880 4056 921 4113 Kl.
936 4054 1014 4109 Schr.
1030 4055 1061 4108 V.
1076 4071 1101 4122 p.
1115 4056 1168 4108 224
1186 4071 1247 4123 sqq.
1269 4055 1340 4109 libri
1357 4054 1497 4123 libellique

326 4161 430 4210 eorum,
452 4148 498 4209 qui
519 4147 552 4200 de
567 4146 752 4200 ilistoriarum
773 4145 986 4213 Philippicarum
1007 4144 1135 4198 fontibus
1149 4150 1274 4212 egerunt,
1294 4150 1498 4198 commemorat

324 4240 391 4289 sunt
416 4234 589 4290 aSchanzio
615 4230 725 4294 (Gesch.
751 4236 777 4288 d.
804 4251 889 4289 roem.
912 4234 1003 4287 litter.
1024 4234 1044 4287 ll
1065 4250 1091 4301 p.
1111 4229 1174 4293 279)
1203 4240 1230 4287 et
1255 4233 1501 4298 aWachsmuthio
1553 4233 1556 4237 ’

325 4319 405 4378 (ΕἰηΙ.
427 4326 442 4377 i.
463 4325 488 4378 d.
508 4324 586 4378 Stud.
608 4325 633 4377 d.
654 4325 700 4378 alt.
720 4323 818 4378 Gesch.
840 4341 865 4392 p.
886 4316 957 4383 115).
985 4373 987 4376 .

414 4408 435 4475 Ω)
457 4415 486 4470 R.
501 4413 566 4468 Sch
576 4414 692 4478 ubert,
708 4413 869 4467 Untersuch.
883 4414 952 4465 tiber
964 4413 990 4466 d.
1006 4412 1119 4485 Quellen
1141 4428 1189 4465 zur
1204 4410 1303 4465 Gesch.
1318 4411 1383 4465 Phil.
1400 4411 1428 4465 ll.
1442 4427 1500 4466 von

327 4502 475 4558 hlahedon.
514 4504 705 4571 lloenigsberg
725 4503 803 4557 1904.
1490 4485 1493 4496 ¹
