3667 5350
805 607 849 615 .-
895 571 1028 636 42..

325 749 430 816 altero
439 749 462 830 ¹)
480 753 512 816 in
538 769 638 818 cornu
664 768 722 816 eos
740 748 868 815 devinci
886 752 1106 835 consuevisse
1122 751 1246 833 optime
1263 749 1507 816 demonstravit

329 856 508 940 Kromayer
526 857 598 936 (lc.
616 857 634 935 l,
652 876 682 941 p.
700 856 786 938 165).
834 856 1005 939 Philippus
1031 859 1102 939 ipse
1126 863 1160 921 ut
1177 863 1229 922 est
1245 855 1451 922 fortissimus
1473 861 1509 921 et

325 964 498 1047 pugnandi
524 964 763 1048 cupidissimus
787 960 839 1046 (cf.
855 963 977 1046 Theop.
994 962 1109 1047 fragm.
1125 962 1182 1045 28)
1206 963 1293 1030 solet
1316 965 1508 1029 comminus

328 1089 477 1154 pugnare
508 1076 606 1154 atque
640 1070 786 1136 hostium
820 1071 937 1136 ducem
970 1076 1078 1154 petere
1112 1088 1151 1136 eo
1184 1069 1337 1148 consilio,
1374 1081 1409 1135 ut
1442 1068 1507 1135 hoc

329 1176 499 1244 interfecto
529 1177 573 1243 illi
603 1176 733 1244 facilius
762 1176 926 1260 fugentur.
974 1176 1044 1243 Non
1070 1177 1134 1243 sibi
1160 1179 1223 1261 ipsi
1249 1181 1351 1270 timet.
1398 1175 1507 1241 Prima

326 1286 360 1350 in
393 1286 462 1350 acle
491 1302 565 1350 cum
593 1283 788 1350 fortissimis
818 1284 946 1351 medios
976 1287 1007 1348 in
1033 1284 1150 1350 hostes
1174 1303 1211 1351 se
1241 1287 1395 1350 immittit.
1442 1281 1506 1359 Qui

327 1389 381 1470 fit,
411 1396 447 1456 ut
475 1408 575 1475 saepe
603 1392 800 1457 vulneretur.
852 1391 995 1457 Victoria
1025 1383 1186 1475 reportat'a
1214 1389 1420 1474 fugientibus
1449 1409 1507 1456 rex
1593 1391 1596 1396 '

298 1500 468 1581 eiusque
498 1501 625 1581 equites
657 1500 818 1565 insistunt
849 1516 972 1581 eosque
1004 1497 1199 1582 impediunt,
1229 1516 1270 1563 ne
1301 1497 1506 1580 colligantur.
1604 1544 1607 1548 -

328 1603 457 1680 Quibus
475 1605 659 1672 rationibus
676 1623 760 1671 usus
777 1611 829 1671 est
842 1605 1012 1702 Philippus
1030 1607 1145 1670 iamin
1165 1607 1271 1688 primo
1288 1604 1412 1688 proelio
1429 1622 1504 1670 cum

298 1732 300 1736 ⁴
329 1711 444 1795 lllyrils
468 1714 650 1797 commisso
677 1717 708 1777 et
734 1714 767 1777 in
791 1730 828 1777 ea
848 1699 968 1795 pugnas,
990 1730 1054 1795 qua
1079 1710 1320 1778 Onomarchum
1343 1706 1506 1790 devicitil.

325 1817 410 1885 Cum
436 1818 615 1903 Kromayer
639 1818 669 1896 (l.
694 1838 718 1885 c.
745 1819 763 1897 l,
787 1838 817 1903 p.
842 1814 920 1901 165)
945 1818 1199 1902 diligentissime
1224 1821 1413 1903 exposuerit
1437 1837 1505 1901 quo

328 1924 429 1992 modo
454 1925 624 2010 Philippus
642 1924 888 2009 Epaminondae
912 1933 943 1992 et
958 1925 1134 2010 Pelopidae
1158 1931 1259 1992 artem
1286 1925 1402 1991 hostes
1427 1943 1506 2008 pro-

323 2030 465 2115 fligandi
491 2038 627 2104 secutus
644 2035 697 2112 sit,
723 2034 817 2099 liceat
834 2032 913 2098 mihi
931 2032 1074 2116 proferre
1092 2032 1294 2099 simillimam
1312 2032 1505 2115 Philippicis

324 2157 405 2205 ⁴esse
437 2157 508 2205 eam
542 2158 697 2223 pugnam,
729 2158 794 2223 qua
827 2139 1000 2223 Pelopidas
1036 2158 1109 2205 cum
1142 2139 1326 2206 Alexandro
1359 2139 1505 2206 Pheraeo

326 2263 531 2330 congressus
549 2243 641 2327 esth.
678 2245 717 2312 Ut
734 2245 906 2330 Philippus
924 2249 1027 2330 prima
1045 2249 1078 2312 in
1095 2249 1163 2313 acie
1180 2246 1314 2312 dimicat
1329 2245 1505 2329 Pelopidas

325 2350 421 2436 (Plut.
438 2353 499 2419 Pel.
516 2352 568 2433 32,
585 2352 605 2418 7
630 2351 726 2423 αὐτὸς
746 2350 780 2413 δὲ
801 2354 971 2430 συνέμιξε.
988 2404 995 2416 .
1012 2404 1018 2416 .
1034 2359 1103 2423 τοῖς
1119 2404 1125 2417 .
1142 2402 1149 2415 .
1167 2404 1173 2416 .
1188 2350 1395 2435 μαχομένοις)
1412 2356 1505 2419 eius·

324 2479 392 2544 que
413 2463 542 2544 equites
558 2459 702 2526 fundunt
718 2465 817 2544 atque
833 2458 1109 2544 persequuntur⁴l
1125 2459 1298 2526 Alexandri
1316 2461 1505 2526 exercitum.

295 2601 302 2606 -
328 2566 500 2651 Philippus
525 2573 560 2632 ut
583 2572 636 2633 est
660 2569 694 2632 in
717 2586 751 2633 re
767 2568 897 2633 militari
916 2567 1113 2633 Boeotorum
1130 2567 1324 2651 discipulus,
1348 2570 1391 2632 ita
1409 2585 1505 2650 prae·

327 2681 440 2758 ceptor
473 2679 524 2741 est
552 2674 735 2755 Alexandri,
766 2693 863 2758 quem
896 2675 1032 2741 solitum
1065 2693 1140 2741 esse
1174 2681 1305 2742 constat
1334 2675 1436 2741 altero
1469 2678 1503 2740 in

323 2800 429 2849 cornu
458 2798 533 2847 cum
563 2784 710 2865 equitatu
741 2781 857 2849 hostes
886 2782 1036 2867 aggredi,
1068 2785 1178 2866 ipsum
1208 2801 1340 2848 summa
1364 2781 1504 2849 audacia

303 2892 306 2897 ’
329 2894 438 2972 petere
462 2907 574 2955 eorum
600 2907 718 2972 regem,
743 2888 839 2955 fusos
864 2892 954 2955 omni
979 2892 1011 2955 vi
1036 2894 1199 2974 persequi.

323 3118 360 3188 3.
386 3114 438 3189 De
461 3115 723 3189 Atheniensium
753 3117 896 3189 navibus
927 3136 947 3187 a
972 3115 1127 3206 Philippo
1156 3122 1199 3190 ad
1224 3115 1353 3189 flieron
1378 3118 1504 3207 caplis.

418 3262 451 3327 ln
477 3262 611 3342 col.10,
641 3262 781 3343 35-11,
805 3262 826 3327 5
856 3268 965 3329 narrat
989 3262 1158 3346 Didymus,
1187 3266 1242 3348 qui
1272 3266 1504 3347 interpretatur

325 3368 417 3435 Dem.
433 3368 479 3448 Xl,
497 3370 514 3431 1
536 3369 606 3451 „ll'cc
620 3366 691 3449 μὲν,
707 3350 731 3428 ὦ
748 3368 862 3451 ἄνδρες
877 3363 1050 3453 Ἀθηναῖοι,
1068 3369 1234 3440 Φίλιππος
1251 3366 1308 3433 οὐκ
1324 3364 1504 3458 ἐποιήσατο

327 3472 386 3561 τὴν
411 3471 539 3561 εἰρήνην
563 3475 645 3558 πρὸς
670 3475 762 3557 ὑμᾶς,
788 3469 857 3536 ἀλλ’
874 3472 1050 3555 ἀνεβάλετο
1070 3476 1126 3537 τὸν
1144 3476 1288 3556 πόλεμσν
1306 3482 1407 3540 πᾶσιν
1423 3478 1504 3567 ἡμῖν

322 3581 471 3665 φανερὰν
494 3581 653 3663 γέγονεν“,
678 3582 873 3668 Philippum,
897 3602 970 3650 cum
997 3584 1173 3668 Byzantios
1197 3585 1373 3666 obsideret,
1401 3586 1504 3654 Athe-

324 3693 494 3757 niensium
526 3691 667 3757 classem
703 3694 930 3757 mercatoriam
964 3691 1005 3758 ad
1034 3692 1155 3759 flieron
1188 3692 1380 3776 praedatum
1415 3713 1502 3761 esse.

322 3795 396 3873 Qua
430 3800 462 3863 in
497 3816 529 3863 re
563 3817 648 3865 usus
681 3805 733 3864 est
756 3798 961 3883 Theopompi
994 3804 1026 3865 et
1051 3799 1233 3866 Philochori
1258 3803 1502 3880 testimoniisr).

416 3974 438 4039 1)
459 3980 598 4048 Plerisque
618 3982 644 4033 in
659 3982 760 4048 pugnis
774 3980 873 4036 dextro
887 3997 973 4035 cornu
989 3983 1123 4039 immisso,
1143 3983 1170 4035 in
1186 3997 1279 4050 pugna
1293 3984 1366 4050 apud
1380 3982 1503 4038 Chaero-

324 4082 406 4121 neam
427 4071 576 4123 commissa
595 4071 709 4123 sinistro
729 4068 826 4123 hostes
846 4072 1004 4124 reiciuntur.

415 4146 436 4216 ²)
457 4157 535 4211 Diod.
546 4158 611 4223 XVl,
623 4160 647 4223 4,
658 4158 724 4224 xvi,
734 4160 783 4223 353
801 4160 1007 4225 Belbruech,
1022 4158 1121 4214 Gesch.
1132 4160 1158 4213 d.
1171 4161 1293 4230 Kriegsh.
1306 4161 1313 4214 l
1328 4176 1355 4228 p.
1367 4162 1419 4215 140
1428 4178 1501 4231 sqq,

323 4236 436 4311 Beloch,
457 4245 502 4300 (ir.
524 4245 622 4301 Gesch.
643 4247 671 4313 ll,
691 4248 752 4301 487.

415 4329 436 4397 θ)
457 4335 514 4389 flac
534 4336 567 4390 de
587 4352 679 4405 pugna
700 4340 806 4405 optime
826 4340 882 4406 egit
903 4338 1056 4406 Kromayer
1075 4334 1116 4404 (ll,
1137 4355 1163 4407 p.
1183 4336 1255 4393 nol.

414 4417 435 4482 ⁴)
456 4424 586 4492 Reliquae
605 4423 771 4480 Boeotorum
793 4442 902 4495 pugnae
922 4444 978 4481 non
998 4429 1123 4496 equitatu
1143 4429 1327 4484 decertantur.

415 4508 436 4575 ὗ)
455 4513 515 4566 Did.
534 4514 586 4567 col.
607 4515 648 4579 ll),
668 4516 787 4581 47-503
806 4517 858 4570 col.
878 4517 921 4580 10,
940 4517 1054 4583 54-11,
1073 4520 1098 4572 5.
