3667 5350
813 604 1014 669 ,8-

326 784 457 849 videtur
485 784 538 848 hic
567 784 680 849 adisse
709 787 818 867 ipsum
844 783 957 867 populi
983 783 1158 847 decretum.
1205 782 1391 849 Verisimile
1417 786 1503 848 enim

258 890 261 895 ’
326 898 378 956 est
418 891 702 970 Athenienses,
741 891 843 974 quod
884 908 1014 955 eorum
1050 909 1125 956 non
1163 893 1356 956 intererat
1392 894 1505 974 ipsas

326 1017 485 1079 causas,
510 999 656 1082 quibus
682 1001 865 1063 commoti
887 1016 1019 1080 pacem
1046 1016 1120 1063 non
1146 1001 1395 1078 sanxissent,
1420 1019 1503 1064 cum

325 1106 421 1172 aliis
461 1105 628 1171 Graecis
668 1108 968 1183 communicare,
1012 1105 1276 1171 simulavisse
1315 1125 1357 1172 se
1399 1107 1503 1171 nolle

326 1213 543 1279 concedere
567 1211 740 1278 Graecos
765 1215 801 1277 in
820 1211 911 1276 Asia
936 1211 1175 1278 habitantes
1198 1212 1272 1278 sub
1299 1212 1501 1278 Persarum

325 1319 600 1385 dominatione
625 1318 716 1385 lore.
763 1319 833 1384 nnc
850 1325 930 1401 puto
951 1322 1146 1399 accessisse,
1171 1319 1259 1402 quod
1285 1319 1504 1403 sperabant

326 1425 487 1493 lacilius
516 1430 672 1492 animos
698 1425 930 1492 Graecorum
961 1429 997 1490 in
1023 1425 1114 1490 Asia
1144 1425 1411 1492 habitantium
1442 1448 1503 1494 re-

323 1541 591 1616 cuperaturos
627 1552 668 1598 se
704 1552 808 1611 esse,
844 1537 877 1599 si
912 1537 1222 1617 pronuntiarent
1254 1553 1295 1599 se
1326 1535 1502 1602 aPersis

326 1659 394 1706 eos
421 1646 628 1706 tutaturos
657 1659 758 1705 esse.
814 1640 913 1705 Aliter
942 1646 1051 1706 autem
1082 1640 1218 1707 Foucart
1247 1637 1333 1724 (pag.
1357 1640 1434 1723 168)
1459 1642 1499 1708 de

326 1747 387 1814 hac
411 1767 443 1814 re
469 1748 625 1813 iudicavit
648 1747 702 1813 his
722 1746 833 1813 verbis
861 1746 922 1828 „Ce
939 1746 989 1812 lut
1005 1754 1089 1813 cette
1108 1749 1220 1815 clause
1237 1749 1401 1815 honteuse
1418 1768 1499 1832 pour

326 1855 356 1920 la
382 1855 492 1936 Grece,
523 1858 578 1939 qui
608 1854 646 1920 lit
674 1857 788 1936 rejeter
818 1855 846 1920 le
871 1855 974 1923 traite'.
1022 1854 1119 1921 Notre
1143 1856 1307 1920 annaliste
1332 1857 1498 1939 te'moigne

325 1965 364 2027 ici
388 1963 484 2027 d'une
506 1965 648 2028 certaine
670 1962 825 2026 na'ivete.“
877 1961 1046 2028 Eiusmodi
1071 1965 1183 2027 causis
1201 1968 1268 2027 tum
1289 1981 1497 2045 nequaquam

325 2069 545 2135 Athenienses
575 2071 729 2135 commoti
760 2075 847 2133 sunt.
895 2069 996 2134 immo
1027 2068 1056 2133 id
1088 2074 1233 2152 egerunt,
1263 2074 1297 2133 nt
1322 2072 1496 2151 pristinum

323 2196 424 2242 suurn
450 2180 622 2260 imperium
641 2179 839 2240 maritimum
860 2179 1069 2241 restituerent
1080 2174 1115 2251 ¹).
1162 2176 1267 2260 Atque
1283 2175 1422 2258 Spartae
1440 2196 1497 2243 eos

325 2285 551 2367 postulavisse
580 2286 785 2364 Χερρόνησον
813 2281 867 2342 καὶ
895 2280 952 2350 τὰς
981 2279 1134 2351 ἀποικίας
1162 2281 1216 2343 καὶ
1244 2281 1283 2342 τὰ
1318 2277 1498 2366 ἐγκτήματα

324 2390 378 2450 καὶ
406 2388 441 2451 ιὰ
466 2394 541 2471 χρέα
566 2396 700 2474 apparet
725 2409 763 2455 ex
788 2390 970 2455 Andocidis
995 2393 1157 2456 orationis
1183 2391 1389 2473 paragrapho
1415 2391 1466 2456 15.

414 2497 493 2564 Cum
518 2517 595 2564 vero
620 2497 774 2562 traditum
800 2503 891 2562 esset
916 2500 947 2561 in
973 2501 1167 2578 argumento
1177 2493 1201 2578 ³)
1225 2496 1265 2561 ad
1284 2500 1411 2562 tertiam
1430 2496 1497 2562 An-

324 2605 454 2671 docidis
479 2608 659 2670 orationem
685 2607 807 2686 scripto
828 2597 1017 2684 „Ulllqvuioc
1035 2604 1184 2685 πρέσβεις
1205 2599 1401 2663 ἀπέστειλαν
1417 2603 1498 2685 πρὸς

221 2752 223 2757 .
324 2710 605 2789 Λακεδαιμονίους
632 2712 933 2791 αὐτοκράτορας·
957 2691 1002 2769 ὧν
1026 2703 1094 2770 ἐστι
1123 2708 1178 2770 καὶ
1201 2705 1404 2793 Ἀνδοκίδης“
1437 2712 1497 2776 du-

325 2820 420 2885 bitari
451 2822 558 2903 potuit
587 2821 697 2884 sintne
726 2821 842 2884 merito
872 2818 967 2901 legati
998 2817 1154 2883 damnati.
1208 2816 1278 2894 Qua
1307 2818 1348 2883 de
1376 2838 1409 2884 re
1434 2838 1497 2884 nos

324 2914 510 2992 accuratius
543 2925 687 2992 iudicare
721 2944 913 3009 possumus.
970 2924 1050 2990 Nam
1083 2925 1114 2989 id
1139 2925 1315 3005 decretum,
1347 2925 1434 3010 quod
1465 2930 1495 2990 in

325 3033 414 3099 Dem.
439 3033 510 3113 XIX,
535 3031 554 3115 ξ
578 3033 643 3097 277
667 3036 784 3116 partim
810 3032 969 3111 laudatur,
995 3032 1073 3097 illud
1099 3038 1158 3110 est,
1183 3031 1271 3116 quod
1290 3030 1497 3098 Callistratus

325 3143 358 3206 in
384 3141 511 3224 legatos
536 3133 597 3206 hac
621 3141 784 3224 legatione
807 3138 941 3205 iunctos
966 3142 1108 3222 scripsit.
1155 3138 1261 3222 Atque
1285 3140 1427 3223 legimus
1452 3139 1496 3204 ibi

324 3265 384 3313 eos
416 3247 594 3314 damnatos
628 3267 713 3325 esse,
747 3247 835 3331 quod
867 3253 980 3313 contra
1011 3247 1123 3330 populi
1154 3245 1308 3312 mandata
1340 3249 1497 3330 egissent.

324 3353 545 3421 Condiciones
570 3357 667 3439 igitur
691 3354 862 3438 quasdam,
887 3355 1010 3437 quibus
1032 3373 1146 3437 pacem
1170 3353 1336 3433 ollerrent,
1360 3353 1497 3437 Spartae

325 3465 529 3527 remiserant.
581 3461 727 3538 Quacum
761 3480 795 3526 re
829 3466 952 3544 optime
985 3466 1170 3544 congruunt
1200 3458 1281 3529 haec
1315 3461 1497 3527 Philochori

325 3568 424 3635 verba
458 3567 549 3648 „code
573 3569 723 3649 πρέσβεις
745 3566 820 3636 τοὺς
844 3561 879 3627 ἐν
902 3566 1126 3637 Λακεδαίμονι
1155 3566 1494 3653 συγχωρήσαντας.“

326 3675 547 3742 Condiciones
576 3681 685 3741 autem
716 3674 831 3760 quales
860 3674 983 3740 luerint
1008 3676 1230 3759 intellegimus
1255 3694 1294 3739 ex
1318 3674 1497 3741 Andocidis

326 3784 398 3849 loco
427 3803 528 3868 supra
559 3788 816 3848 commemorato
846 3778 905 3863 (or.
930 3782 973 3861 ΙΙΙ,
997 3780 1016 3863 §
1040 3778 1104 3864 15).
1152 3781 1263 3866 Neque
1292 3781 1333 3847 ab
1363 3782 1416 3848 his
1440 3782 1498 3847 de·

324 3893 403 3957 creti
427 3891 656 3975 verbis‚<quae
679 3910 697 3955 a
723 3889 944 3955 Demosthene
970 3889 1145 3955 laudantur
1171 3883 1391 3974 ,ἠλέγχθησάν
1413 3908 1499 3957 τινες

417 4109 436 4166 ¹)
456 4109 544 4163 Etiam
565 4110 648 4177 paulo
668 4116 731 4161 ante
752 4123 847 4175 pacem
862 4122 935 4160 anno
946 4101 1175 4161 solustriacum
1187 4106 1369 4160 Athenienses
1380 4115 1498 4160 conatos

325 4214 387 4253 esse
416 4201 558 4266 imperium
589 4200 756 4251 maritimum
783 4199 927 4250 restituere
953 4203 1072 4251 constat.
1110 4194 1150 4249 Cl.
1171 4198 1276 4263 [ipsius
1295 4197 1430 4264 (beitrage
1450 4211 1499 4249 zur

325 4288 425 4343 Gesch.
445 4288 547 4357 griech.
568 4286 794 4340 bundesverlass.
832 4284 1022 4354 Sitzungsber.
1036 4286 1062 4339 d.
1072 4284 1168 4339 Sdchs.
1180 4284 1242 4338 Ges.
1253 4285 1278 4338 d.
1290 4284 1498 4338 Wissenschalt.

327 4375 643 4528 1898½E>²³5gr12r5ssoem
665 4466 691 4519 id
712 4464 827 4519 Foucart
847 4465 972 4533 assignat
991 4465 1104 4518 libanio
1124 4459 1253 4532 (p.172);
1273 4470 1370 4517 auctOr
1385 4465 1443 4516 21⁰8
1456 4468 1500 4517 0⁸1

326 4558 456 4611 incertus.
