3667 5350
789 572 1010 638 ..57-

314 750 461 831 origines
476 752 692 832 pertinentem
704 747 737 830 1),
754 748 979 850 recordaberis
991 750 1242 834 Theopompum
1256 753 1392 818 solitum
1410 773 1488 819 esse

316 856 347 918 in
373 854 528 922 Historiis
554 856 743 939 Philippicis
775 855 900 940 digredi
935 856 976 922 ad
1011 856 1247 924 descrihendas
1276 861 1423 943 gentium
1456 867 1488 925 et

316 959 445 1026 urbium
471 965 616 1046 origines
627 960 660 1044 ²).
709 963 752 1028 Ex
778 962 892 1029 eodem
919 983 965 1043 ea,
989 983 1074 1048 quae
1098 964 1138 1029 ad
1164 965 1310 1048 Byzantii
1336 965 1487 1032 obsessi-

314 1085 425 1133 onem·
444 1074 542 1152 atque
576 1068 616 1134 ad
647 1068 772 1136 CLXXX
807 1089 909 1136 naves
938 1089 957 1135 a
987 1071 1136 1154 Philippo
1168 1078 1282 1155 captas
1315 1075 1487 1156 pertinent,

315 1178 416 1256 petita
449 1195 526 1241 esse
562 1195 663 1259 supra
695 1174 738 1260 (p.
771 1175 828 1258 52)
862 1176 1097 1244 demonstravi.
1155 1179 1249 1255 Quod
1289 1179 1376 1262 apud
1418 1181 1487 1246 lus·

314 1283 419 1346 tinum
446 1282 587 1366 legimus
605 1283 790 1366 Philippum
815 1287 846 1348 ln
864 1283 1007 1367 Scythas
1024 1284 1206 1368 proiectum
1227 1305 1312 1364 esse,
1338 1292 1372 1352 ut
1394 1307 1487 1370 prae-

315 1386 447 1454 daretur
480 1395 512 1454 et
545 1389 666 1472 praeda
695 1396 790 1473 capta
821 1409 911 1456 more
940 1394 1189 1475 negotiantium,
1221 1399 1257 1458 ut
1275 1396 1353 1459 ‘eius
1377 1392 1487 1459 uerbis

315 1501 395 1574 utar,
421 1498 591 1578 impensas
616 1496 692 1562 belli
716 1497 781 1564 alio
806 1497 892 1564 bello
916 1497 1072 1579 reliceret,
1096 1503 1220 1582 optime
1245 1519 1318 1566 cum
1340 1519 1380 1565 eo
1398 1519 1487 1566 more

315 1601 477 1682 narrandi,
510 1621 577 1686 quo
608 1601 845 1687 Theopompus
878 1604 1039 1685 utebatur,
1072 1605 1263 1690 congruit⁸l⁰
1317 1606 1486 1672 Eiusmodi

316 1713 395 1773 sunt
428 1713 525 1775 etiam
561 1729 598 1775 ea
631 1730 714 1794 quae
748 1717 860 1777 extant
894 1714 926 1776 in
960 1710 1145 1795 fragmento
1174 1713 1240 1778 249
1274 1713 1488 1794 ,στρατιώτης

315 1811 374 1896 γὰρ
391 1807 435 1874 ὢν
450 1813 672 1893 λογίζεσθαι
688 1815 727 1878 τὰ
744 1822 922 1900 πρσςιόντα
937 1817 991 1878 κα)
1008 1815 1265 1896 τάναλισκόμενα
1277 1814 1318 1880 δι’
1335 1816 1488 1896 ἀσχολίαν

316 1920 373 1981 οὐκ
397 1916 566 2006 ἠδύνατσίί.
1057 1942 1059 1945 ·

405 2027 484 2095 Cum
510 2050 588 2096 vero
620 2035 703 2097 satis
735 2035 780 2098 sit
811 2031 981 2115 probabile
1014 2036 1154 2116 primum
1186 2039 1284 2116 caput
1312 2039 1417 2100 totum
1448 2053 1487 2098 ex

314 2134 531 2221 Theopompo
564 2137 715 2220 pendere,
750 2142 847 2204 etiam
879 2159 931 2206 res
955 2139 1128 2223 Scythicas
1158 2159 1355 2222 persuasum
1382 2140 1488 2205 habeo

316 2243 416 2309 altero
442 2246 547 2327 capite
572 2251 720 2312 narratas
745 2245 786 2310 ad
812 2245 953 2312 eundem
979 2246 1167 2313 referendas
1185 2265 1269 2313 esse.
1308 2246 1415 2329 Atque
1434 2246 1487 2311 his

316 2355 389 2415 utor
413 2355 625 2433 argumentis.
668 2352 809 2417 Primum
835 2353 976 2437 legimus
1003 2356 1034 2418 in
1060 2353 1139 2419 Prol.
1165 2352 1218 2419 lib.
1242 2353 1279 2418 lX
1303 2353 1488 2436 descriptas

315 2455 422 2523 luisse
447 2455 700 2541 Scytharum
726 2462 934 2542 origines.
965 2459 1116 2526 Servavit
1133 2463 1230 2544 igitur
1244 2459 1374 2543 Trogus
1389 2462 1486 2524 etiam

316 2565 369 2630 hic
402 2565 493 2631 illum
517 2564 721 2649 Theopompi
757 2585 891 2633 morem.
938 2565 1062 2632 Deinde
1092 2566 1262 2649 Philippus
1295 2565 1408 2631 eadem
1440 2568 1489 2630 in·

314 2671 402 2737 vidia
438 2670 621 2757 eodemque
654 2672 731 2740 odio
769 2693 834 2757 quo
868 2694 969 2758 supra
1002 2677 1213 2757 vituperatur.
1267 2672 1489 2741 Callidissime

315 2783 402 2845 enim
428 2785 564 2845 conatur
588 2783 772 2863 opprimere
796 2780 934 2847 Atheam
965 2800 1073 2865 regem
1098 2781 1304 2865 Scytharum,
1334 2783 1389 2865 qui
1415 2783 1488 2847 eius

314 2889 437 2953 astutia
461 2889 646 2953 vincuntur.
693 2886 804 2970 Neque
829 2886 934 2953 habes
963 2906 1019 2953 cur
1044 2888 1123 2953 mihi
1148 2906 1301 2972 opponas
1327 2907 1373 2968 ea,
1404 2907 1488 2972 quae

405 3081 424 3145 ¹)
453 3085 568 3140 Codices
595 3087 698 3140 habent
718 3087 823 3153 lx,1,s
852 3088 934 3152 „urbs
961 3087 1073 3141 condita
1100 3088 1190 3154 primo
1217 3086 1415 3151 aPausania“,
1442 3089 1488 3140 ubi

315 3176 441 3229 Dunclrer
469 3171 579 3234 (Gesch.
604 3176 629 3229 d.
650 3175 745 3230 Altert.
765 3176 828 3241 Xlll,
854 3192 880 3243 p.
900 3172 963 3235 142)
991 3178 1139 3243 proposuit
1166 3166 1291 3243 „capta“,
1322 3177 1396 3244 quod
1425 3193 1489 3244 pro-

315 3266 453 3319 baverunt
482 3264 578 3319 Busolt
606 3260 726 3322 (Griech.
747 3264 845 3319 Gesch.
867 3265 896 3331 lt,
921 3262 983 3325 379)
1012 3271 1040 3319 et
1063 3265 1148 3321 Ruehl
1178 3259 1215 3323 (in
1237 3265 1300 3319 edit.
1325 3260 1397 3331 sua),
1425 3282 1487 3319 cum

314 3354 497 3407 Wilamowitz
526 3350 652 3413 dhristot.
678 3372 703 3408 u.
728 3353 819 3408 Athen
840 3355 848 3407 l
868 3370 894 3421 p.
915 3356 975 3419 145,
995 3350 1039 3413 40)
1068 3355 1194 3407 codicum
1225 3356 1386 3408 memoriam
1416 3362 1489 3408 recte

315 3443 454 3497 defendat.
492 3444 529 3497 De
550 3445 609 3510 ipsa
630 3459 658 3497 re
678 3443 863 3497 conferendus
884 3450 926 3497 est
946 3442 974 3496 Ε,
994 3443 1089 3510 Bleyer
1111 3438 1283 3511 (Torschung
1301 3460 1324 3497 z.
1345 3459 1370 3497 a.
1390 3442 1488 3497 Gesch.

316 3533 334 3585 ll
355 3549 381 3600 p.
401 3528 447 3591 60)
471 3540 499 3586 et
517 3531 545 3585 C.
566 3533 592 3585 f.
613 3533 751 3586 Lehmann
776 3528 848 3590 (Klio
869 3532 888 3585 ll
909 3533 979 3586 1902
999 3548 1025 3599 p.
1043 3527 1116 3587 345).
1154 3532 1195 3586 Ad
1215 3532 1341 3600 Byzantii
1367 3535 1489 3601 origines

315 3621 486 3676 referendum
507 3628 550 3675 est
564 3623 646 3674 etiam
660 3621 846 3690 fragmentum
861 3623 904 3687 65,
924 3622 999 3689 quod
1014 3613 1045 3666 ἕν
1060 3612 1144 3687 ὅγδόῃ
1161 3613 1332 3667 Φιλιππικῶν
1346 3637 1377 3675 se
1390 3622 1490 3690 legisse

315 3710 472 3766 Athenaeus
490 3709 621 3764 aiiirmat.
644 3710 771 3765 Fortasse
787 3716 879 3765 autem
895 3710 969 3778 apud
979 3709 1151 3764 Athenaeum
1167 3724 1217 3776 pro
1232 3702 1264 3755 ἕν
1281 3700 1305 3773 ν’
1318 3702 1490 3756 Φιλιππικῶν

315 3800 461 3867 legendum
482 3807 525 3854 est
544 3792 576 3845 ἕν
594 3789 643 3864 μα’
665 3791 845 3858 Φιλιππικῶν,
866 3800 967 3867 quoin
988 3799 1059 3852 libro
1080 3798 1205 3866 Byzantii
1220 3799 1330 3853 obsidio
1351 3799 1488 3866 descripta

316 3895 366 3942 est.
385 3888 473 3943 Etiam
489 3890 516 3942 in
531 3887 601 3942 Prol.
613 3888 643 3941 lX
658 3889 774 3956 legimus
785 3889 929 3956 „Byzantii
941 3885 1089 3955 origines“.
1102 3886 1136 3941 Et
1145 3888 1219 3954 apud
1231 3888 1364 3942 lustinum
1377 3896 1405 3942 et
1414 3889 1488 3956 apud

314 3978 526 4045 Theopompum
547 3978 613 4032 talia
634 3978 719 4031 verBa
740 3976 813 4031 liunt
833 3978 866 4031 de
885 3978 1084 4044 Byzantiorum
1105 3977 1284 4042 democratia,
1309 3983 1340 4030 ut
1354 3978 1418 4031 inde
1432 3994 1489 4031 cer·

315 4069 453 4121 tissimum
475 4073 669 4135 argumentum
690 4069 761 4120 sumi
782 4068 873 4134 possit
886 4066 970 4134 Trogi
990 4064 1096 4120 iontem
1116 4065 1202 4119 luisse
1215 4065 1389 4133 Theopompi
1408 4082 1488 4134 opus.

405 4150 427 4217 ²)
447 4157 563 4224 Dionys.
582 4156 668 4211 tialic.
689 4157 723 4209 ad
744 4154 791 4210 Cn.
812 4157 907 4222 Pomp.
927 4156 952 4209 6.
972 4171 999 4222 p.
1017 4155 1070 4208 783
1088 4150 1143 4213 (ed.
1164 4154 1239 4210 U.·R·
1256 4154 1275 4207 ll
1296 4170 1322 4222 p.
1342 4149 1406 4217 245)
1427 4153 1491 4217 ,καὶ

315 4237 368 4314 γὰρ
383 4238 476 4292 ἐθνῶν
490 4240 584 4310 εἴρηκε
598 4235 737 4312 οἰκισμοὺς
750 4239 797 4290 καὶ
810 4234 942 4291 πόλεων
959 4241 1086 4297 κτίσεις
1099 4232 1280 4307 ἐπελήλυθε“,
1297 4243 1324 4296 ln
1340 4244 1491 4300 hellenicig

315 4351 402 4403 nuper
417 4336 498 4389 editis
506 4328 581 4402 (Pap.
594 4334 713 4402 Oxyr.V
726 4330 789 4391 842)
800 4334 902 4388 multas
916 4334 1034 4387 inveniri
1044 4322 1226 4399 παρεκβάσεις
1239 4346 1320 4384 nemo
1335 4347 1391 4386 non
1404 4334 1492 4389 videt.

406 4419 428 4485 ⁸)
447 4424 582 4477 Videntur
606 4440 638 4477 ex
662 4424 846 4491 Theopompo
875 4423 990 4477 fluxisse
1019 4423 1087 4476 haec
1115 4423 1199 4475 verba
1220 4420 1343 4475 Frontini
1369 4417 1399 4486 (l,
1418 4423 1444 4486 3,
1463 4418 1493 4482 4)

318 4521 364 4580 ,ut
384 4514 527 4580 Philippus
547 4513 844 4570 obsidionalismorae
865 4514 1013 4579 impatiens
1032 4500 1196 4565 recederet'.
1315 4592 1329 4621 *

1297 4602 1314 4651 5
