3667 5350
825 582 1046 648 ..28-

346 765 543 829 coniunctos
567 761 684 828 fuisse.
724 761 790 828 Sed
815 761 914 845 paulo
939 766 1016 845 post
1032 759 1100 827 Chii
1127 767 1158 828 et
1183 762 1299 829 Rhodii
1324 765 1373 828 eis
1397 765 1521 831 auxilio

348 875 517 948 venerunt,
541 888 615 935 cum
640 868 681 933 ab
707 853 761 934 illo
786 867 1058 948 obsiderentur¹).

437 975 598 1042 Videmus
624 977 721 1059 igitur
745 974 807 1042 hoc
823 974 1027 1059 Theopompi
1053 975 1237 1060 fragmento
1258 996 1323 1043 non
1343 977 1450 1043 sotum
1475 997 1523 1057 ea,

348 1095 445 1168 quae·
465 1083 563 1149 nobis
596 1085 660 1148 iam
693 1088 771 1148 nota
800 1087 900 1162 erant,
936 1082 1138 1162 confirmata,
1168 1083 1227 1149 sed
1258 1086 1354 1149 etiam
1380 1084 1523 1167 singula,

255 1224 257 1229 ·
348 1209 434 1274 quae
450 1189 527 1256 alibi
545 1208 612 1256 non
635 1195 891 1256 commemorata
907 1194 996 1270 sunt,
1015 1189 1057 1254 ab
1073 1188 1240 1257 oblivione
1255 1191 1420 1257 vindicata
1437 1210 1525 1258 esse.

440 1297 533 1363 Nunc
579 1303 689 1363 autem
736 1298 965 1362 examinemus
1004 1315 1059 1377 ea,
1106 1316 1206 1381 quae
1244 1297 1524 1382 Theopompus

349 1402 680 1487 Aristophontem
710 1403 756 1469 de
780 1405 833 1469 rei
858 1402 1057 1486 publicae
1080 1403 1389 1470 Atheniensium
1414 1411 1524 1471 statu

352 1510 505 1577 inducit
529 1513 842 1577 contionantem.

441 1617 583 1682 Primum
609 1617 742 1701 quidem
767 1636 786 1682 a
809 1620 946 1683 veritate
969 1636 1035 1684 non
1060 1617 1231 1698 aberravit,
1263 1617 1350 1702 quod
1376 1617 1525 1686 Athenas

351 1724 495 1810 appellat
523 1726 700 1790 maximam
725 1723 922 1791 Graecarum
952 1724 1075 1793 urbem.
1123 1725 1204 1791 Nam
1233 1731 1265 1791 et
1288 1725 1525 1792 Demosthenis

351 1830 558 1915 temporibus
597 1836 630 1897 et
667 1834 817 1914 proximo
856 1831 991 1898 saeculo
1030 1851 1168 1897 numero
1208 1831 1388 1898 incolarum
1424 1839 1525 1917 atque

352 1956 520 2005 murorum
566 1940 701 2004 circuitu
748 1956 866 2004 omnes
910 1937 1066 2004 Graeciae
1106 1938 1204 2005 urbes
1243 1936 1526 2022 superaverunt2).

354 2046 551 2130 Quanquam
586 2047 649 2111 iam
687 2044 779 2111 multi
813 2047 895 2111 socii
931 2045 1145 2123 desciverant,
1182 2055 1292 2111 tamen
1323 2046 1365 2113 ab
1397 2046 1526 2113 Aristo·

354 2154 488 2238 phonte,
521 2155 576 2237 qui
606 2157 842 2218 commemorat
871 2171 1026 2236 magnum
1057 2171 1168 2219 eorum
1199 2172 1381 2229 numerum,
1414 2156 1526 2220 inania

245 2304 247 2308 ι
353 2280 420 2328 non
437 2259 573 2344 proierri
598 2257 801 2342 putabimus,
825 2261 853 2324 si
872 2277 919 2340 ea,
943 2278 1028 2343 quae
1044 2259 1161 2326 Beloch
1173 2257 1197 2342 ἶἲ)
1214 2259 1255 2325 de
1271 2259 1524 2326 Atheniensium

352 2371 454 2434 sociis
478 2367 621 2449 scripsit,
646 2369 897 2449 inspexerimus.
933 2365 1039 2450 Atque
1062 2365 1204 2432 addendi
1230 2372 1310 2432 sunt
1325 2367 1526 2451 Mytilenaei,

354 2477 409 2559 qui
445 2492 533 2540 anno
567 2472 632 2538 347
667 2472 707 2539 de
745 2476 870 2557 integro
905 2492 943 2540 se
974 2474 1016 2539 ad
1048 2472 1299 2540 Atheniensium
1331 2478 1525 2540 societatem

354 2579 642 2666 applicaverant4).

444 2688 538 2766 Quod
562 2687 797 2772 Theopompus
825 2690 960 2771 scripsit
986 2690 1101 2754 trieres
1130 2693 1293 2754 trecentas
1317 2688 1432 2769 inisse,
1462 2691 1527 2755 iam
1569 2735 1570 2739 η

354 2792 554 2877 Staehelin⁶)
576 2798 608 2860 in
626 2797 904 2879 comparationem
922 2798 1052 2861 vocavit
1068 2794 1252 2879 catalogum
1271 2796 1419 2862 navalem
1439 2815 1529 2862 auno

354 2900 503 2983 353s352
553 2900 751 2983 coniectum,
798 2905 830 2967 in
876 2920 943 2986 quo
985 2907 1148 2969 trecentae
1199 2902 1528 2987 undequinquaginta

356 3027 459 3075 naves
481 3006 734 3091 numerantur⁶).
769 3008 881 3092 Neque
897 3026 975 3075 vero
992 3012 1247 3093 praetermittam
1270 3029 1288 3075 a
1306 3009 1529 3076 Demosthene

355 3135 456 3200 saepe
480 3115 621 3182 eundem
646 3118 779 3182 navium
805 3134 978 3182 numerum
1003 3121 1295 3183 commemoratum
1320 3114 1438 3199 esse²).
1463 3136 1528 3200 qua

354 3224 397 3289 de
421 3242 454 3289 re
479 3223 561 3289 inira
586 3242 661 3289 sum
686 3222 925 3306 disputaturus.

446 3330 509 3395 iam
527 3328 723 3396 accedamus
748 3329 789 3395 ad
814 3348 851 3396 ea
867 3328 1072 3413 Theopompi
1094 3331 1202 3412 verba,
1226 3330 1349 3413 quibus
1365 3330 1529 3415 Didymus

357 3439 558 3520 interpretari
577 3435 691 3503 studet
707 3436 794 3502 hunc
811 3435 920 3503 locum
942 3440 1151 3519 ,responsura
1169 3433 1242 3497 ἀντὶ
1257 3444 1320 3496 τῶν
1339 3431 1455 3499 ἑκατὸν
1471 3457 1529 3499 τα-

354 3541 480 3605 λάντων
493 3540 719 3625 προςέρχεται“
732 3539 835 3626 (Dem.
847 3542 881 3622 X,
897 3542 962 3626 36).
987 3542 1058 3621 Quo
1072 3544 1113 3610 de
1128 3543 1200 3610 loco
1213 3546 1273 3610 viri
1291 3544 1378 3611 docti
1397 3543 1531 3610 dubita-

444 3721 466 3787 ¹)
487 3725 601 3793 Propter
615 3724 680 3778 illud
701 3715 796 3771 κοινόν
809 3725 948 3791 Chiorum,
968 3725 1097 3790 Coorum,
1117 3726 1298 3790 Rhodiorum,
1319 3726 1353 3780 de
1368 3742 1424 3794 quo
1443 3742 1529 3793 supra

355 3818 407 3885 egi,
434 3832 490 3869 non
515 3816 660 3869 consentio
685 3830 747 3868 cum
769 3814 921 3881 Foucartio,
946 3817 991 3883 qui
1019 3816 1087 3868 haec
1104 3817 1217 3883 scripsit
1235 3808 1274 3883 (p.
1294 3809 1357 3875 122)
1379 3814 1531 3881 ,i'orateur

356 3922 370 3958 a
391 3905 527 3971 peut-stre
545 3904 700 3972 generalise
719 3919 755 3957 un
775 3903 834 3969 fait,
854 3906 900 3973 qui
921 3904 991 3958 n‘esi
1011 3912 1091 3958 exact
1110 3920 1164 3972 que
1184 3920 1255 3971 pour
1268 3905 1395 3972 Byzanee
1413 3920 1447 3957 en
1467 3920 1531 3972 par·

356 3988 488 4047 ticulier“.

445 4076 468 4140 'i
488 4083 624 4149 Beloch,
647 4084 693 4136 Die
713 4083 906 4151 Bevdlkerung
925 4084 951 4136 d.
971 4082 1079 4138 Griech.
1100 4083 1170 4137 Welt
1189 4100 1215 4151 p.
1236 4082 1297 4137 1004

444 4164 467 4232 ⁸)
487 4172 625 4237 Beioch,
645 4171 751 4227 Griech.
771 4170 870 4226 Gesch.
891 4172 919 4237 il,
938 4172 999 4237 500,
1020 4175 1043 4225 1.
1082 4171 1276 4237 Btaehelin,
1296 4172 1313 4225 l.
1333 4188 1355 4225 c.
1376 4189 1402 4239 p.
1422 4172 1482 4225 148.

444 4251 467 4321 4)
486 4259 648 4314 Schaeier
666 4261 682 4315 l.
703 4262 720 4314 1.
741 4251 766 4312 1²
785 4277 811 4329 p.
831 4263 892 4315 481.

445 4344 466 4409 ⁶)
484 4348 699 4404 Staehelinl.
720 4366 743 4403 c.
763 4367 789 4418 p.
810 4350 869 4404 148.
1051 4408 1053 4412 ,
1160 4378 1162 4381 -

446 4429 468 4498 ⁰)
488 4438 505 4492 Ι.
525 4437 556 4493 G.
576 4438 605 4503 ΙΙ,
625 4440 766 4502 117950.
786 4441 851 4506 185;
870 4439 905 4493 ci.
926 4439 1064 4505 Beloch,
1084 4438 1130 4494 Gr.
1149 4438 1247 4494 Gesch.
1268 4439 1297 4505 li,
1316 4441 1377 4506 508,
1396 4442 1421 4495 2.

446 4519 467 4587 7)
489 4528 574 4582 nem.
593 4528 658 4594 xru,
678 4530 724 4595 ra;
744 4530 791 4593 20;
811 4530 854 4584 29.
