3667 5350
800 606 1021 671 -65-

325 784 574 868 Theopompum
602 787 633 849 in
659 787 775 867 quinto
800 786 914 866 capite,
940 803 1006 868 quo
1032 783 1120 850 illius
1145 787 1177 849 in
1197 783 1385 851 Phocenses
1410 787 1497 851 etin

323 893 437 958 socios
462 889 599 974 perfidia
633 909 699 962 non
730 891 821 956 aliter
851 895 949 974 atque
979 894 1010 956 in
1036 889 1201 973 capitibus
1226 891 1499 958 antecedentibus

325 1001 536 1081 vituperatur.
584 996 656 1062 Noli
682 999 796 1080 iniquo
825 996 908 1063 lerre
933 1000 1053 1076 animo,
1083 997 1171 1081 quod
1197 996 1255 1063 tibi
1282 1001 1398 1064 iterum
1424 1017 1500 1081 pro-

325 1122 414 1188 pono
446 1102 527 1169 haec
555 1103 730 1187 fragmenti
756 1102 798 1168 27
822 1102 923 1169 verba
954 1086 1223 1184 „ddrndwcov
1254 1102 1288 1186 δὲ
1312 1103 1366 1164 καὶ
1390 1124 1501 1165 κακο-

326 1212 669 1290 πραγμονέστατον
690 1209 781 1288 περὶ
802 1207 868 1279 τὰς
888 1210 960 1268 τῶν
981 1207 1101 1288 φίλων
1121 1208 1185 1269 καὶ
1205 1206 1413 1288 συμμάχων
1437 1231 1500 1272 κα-

323 1310 550 1396 τασκευάς“,
576 1334 660 1400 quae
677 1315 774 1380 velim
792 1314 944 1381 conferas
965 1334 1038 1381 cum
1064 1314 1117 1382 his
1143 1316 1256 1382 lustini
1274 1316 1385 1383 verbis
1406 1337 1499 1398 „cum

327 1423 497 1508 Philippus
523 1425 674 1506 portione
697 1421 838 1505 praedae
863 1424 999 1488 socios
1024 1421 1289 1489 fraudasset“.

415 1529 460 1595 Ex
484 1532 643 1612 proximis
660 1534 770 1594 autem
788 1528 1005 1612 paragraphis
1015 1527 1038 1603 1)
1063 1531 1193 1611 ipsius
1210 1529 1366 1613 Pompei
1384 1529 1500 1613 Trogi

326 1640 518 1703 rationem
544 1634 741 1701 rhetorice
766 1634 966 1700 scribendi
991 1637 1115 1718 optime
1138 1636 1319 1719 intelleges.
1351 1637 1501 1702 imitatus

327 1747 413 1811 enim
439 1742 567 1808 uidetur
592 1761 668 1808 esse
685 1741 763 1807 livii
788 1740 842 1806 lib.
860 1741 1014 1825 leopati
1039 1747 1075 1807 ut
1098 1747 1207 1835 tamen
1234 1742 1321 1809 huuc
1345 1763 1501 1827 superare

327 1850 499 1928 studuerit,
530 1851 594 1914 nisi
619 1847 702 1914 forte
728 1853 826 1931 putas
851 1847 1142 1914 exercitationibus
1167 1847 1347 1929 rhetoricis,
1379 1849 1502 1934 quibus

324 1957 404 2029 talia
427 1957 555 2022 tractari
581 1954 743 2034 solebant,
768 1962 943 2038 utrumque
968 1973 1029 2020 sua
1055 1954 1182 2021 debere.

415 2062 527 2146 Neque
551 2079 629 2127 uero
659 2080 697 2126 ex
728 2064 777 2126 eis
801 2060 1027 2144 paragraphis,
1058 2060 1113 2126 ubi
1139 2061 1282 2145 legimus
1307 2081 1325 2127 a
1351 2063 1500 2146 Philippo

325 2170 409 2236 alias
440 2174 558 2252 gentes
592 2167 664 2243 huc,
698 2167 781 2232 allas
814 2166 889 2236 illuc
915 2168 1094 2233 translatas
1124 2187 1209 2247 esse,
1242 2172 1392 2253 sequitur
1415 2168 1501 2234 hanc

327 2297 394 2344 rem
419 2275 461 2341 ab
485 2274 631 2358 Ephoro,
656 2293 673 2338 a
700 2292 765 2357 quo
790 2272 895 2339 voluit
918 2271 1124 2355 Schubert²)‚
1149 2278 1284 2358 petitam
1317 2294 1401 2354 esse,
1426 2278 1503 2358 quia

328 2385 504 2467 unicuique
530 2383 663 2460 auctori,
688 2383 744 2463 qui
770 2398 822 2445 res
840 2379 1040 2463 Philippicas
1062 2380 1247 2465 descripsit,
1272 2400 1309 2447 ea
1332 2387 1400 2447 erat
1416 2387 1501 2447 trao

326 2492 435 2558 tanda.
468 2488 551 2554 llum
578 2493 676 2571 putas
701 2505 772 2552 eam
799 2489 961 2553 omissam
987 2505 1064 2553 esse
1088 2486 1362 2570 aTheopompo?
1396 2486 1501 2571 Caput

324 2597 392 2664 iere
415 2601 530 2674 totum,
556 2593 645 2679 quod
670 2592 842 2674 antecedit,
866 2598 994 2678 praeter
1018 2594 1072 2658 illa
1090 2592 1221 2659 liviana
1248 2612 1320 2660 meo
1347 2597 1415 2660 iure
1437 2600 1501 2659 ret-

325 2705 444 2771 tulisse
467 2702 581 2768 videor
609 2701 649 2767 ad
675 2699 926 2784 Theopompum
956 2706 1055 2785 atque
1084 2700 1190 2767 eidem
1216 2704 1354 2785 proximi
1381 2703 1501 2785 capitis

328 2809 569 2897 paragraphum
594 2810 722 2873 tertiam
753 2826 829 2873 esse
853 2806 1106 2873 adscribendam
1133 2827 1172 2874 ex
1196 2808 1306 2874 verbis
1340 2807 1501 2887 „iraude

326 2914 490 3000 captos“
518 2933 660 2981 sumam.

416 3022 564 3088 Extrema
589 3038 722 3104 quoque
746 3018 846 3085 huius
871 3018 943 3085 libri
968 3018 1076 3099 verba,
1102 3039 1186 3103 quae
1207 3027 1286 3086 sunt
1303 3021 1344 3086 de
1361 3020 1502 3086 rilexan-

327 3132 399 3210 dro,
431 3127 638 3212 Olympiadis
673 3125 783 3205 fratre,
817 3129 906 3193 omni
943 3125 1146 3210 Theopompi
1184 3125 1292 3192 colore
1328 3133 1408 3193 sunt
1445 3146 1502 3193 ex-

327 3240 465 3314 structa,
497 3236 551 3318 qui
585 3237 683 3299 etiam
714 3231 791 3298 alibi
824 3229 876 3315 (cl.
901 3231 1015 3316 fragm.
1041 3229 1118 3313 182)
1149 3232 1283 3299 tradidit
1315 3232 1501 3317 Philippum

327 3343 433 3409 fuisse
458 3340 605 3407 deditum
632 3338 772 3423 παιδικῷ
796 3334 897 3421 ἔρωτι.
1364 3329 1366 3331 ’

329 3466 538 3480 ..σῇ-.-

416 3554 425 3584 ¹
456 3558 521 3623 Vlll,
541 3566 658 3618 rar-u.
1445 3553 1485 3600 θ’

416 3555 437 3707 ²}
455 3648 529 3701 llaec
549 3652 615 3699 sunt
634 3644 780 3715 Schuberti
801 3646 886 3699 verba
906 3637 945 3711 (p.
959 3639 1005 3704 42)
1027 3644 1095 3709 ,Der
1115 3644 1174 3697 hier
1191 3644 1376 3711 wiedergegel
1389 3624 1477 3737 ,ὦ
1512 3699 1554 3728 ..-

327 3740 399 3793 richt
419 3736 510 3790 ddrfte
531 3736 574 3789 die
593 3733 773 3801 Aufiassung,
801 3734 844 3787 die
864 3733 991 3801 Ephorus
1013 3748 1068 3786 von
1090 3733 1198 3799 Philipp
1217 3732 1322 3799 gehab‘.
1342 3709 1511 3813 ‘2533st

324 3834 378 3897 gut
408 3843 469 3883 zum
495 3824 639 3879 Ausdruch
667 3823 803 3891 gebracht
831 3820 949 3876 haben“.
987 3821 1087 3875 Omnia
1116 3826 1279 3889 argumenta
1303 3837 1330 3901 ρ’
1376 3819 1405 3890 Γ,γ

326 3917 464 3971 Schubert
483 3915 674 3968 demonstrare
693 3912 788 3966 studet
799 3912 921 3980 Trogum
942 3926 974 3964 ex
989 3910 1100 3977 Ephoro
1115 3910 1241 3963 hausisse
1255 3908 1322 3962 nihil
1335 3908 1392 3962 lere
1408 3910 1503 3965 valent

328 4008 380 4060 nisi
400 4005 462 4069 hoc,
487 4004 562 4072 quod
589 4004 642 4055 iam
663 4000 779 4069 protulit
802 3999 833 4054 A.
854 4001 887 4054 de
907 3999 1073 4054 Gutschmid
1096 3994 1150 4055 (lo.
1169 3997 1246 4052 Schr.
1268 3997 1275 4049 l
1296 4013 1322 4064 p.
1342 3994 1368 4056 8)
1400 3998 1502 4062 „Wenn

327 4112 391 4149 marr
420 4093 501 4156 steht,
531 4092 584 4145 dall
604 4092 711 4159 Trogus
739 4091 797 4143 sein
822 4092 847 4143 8.
868 4089 943 4143 Buch
971 4090 1022 4142 mit
1047 4088 1095 4141 der
1119 4087 1290 4154 belagerung
1315 4103 1371 4141 von
1393 4088 1502 4141 Perinth

326 4184 415 4238 durch
435 4182 542 4248 Philipp
561 4180 686 4246 schlielit,
707 4181 750 4234 die
771 4180 822 4233 den
843 4178 946 4233 Schluli
967 4178 1015 4231 des
1029 4176 1300 4242 Geschichtswerlres
1314 4176 1363 4230 des
1376 4176 1504 4244 Ephorus

330 4273 432 4327 bildete
452 4312 457 4323 .
479 4312 485 4324 .
506 4312 512 4324 .
533 4312 547 4336 .,
573 4286 606 4323 so
625 4270 693 4323 wird
716 4285 778 4323 man
800 4271 827 4322 in
847 4269 942 4322 diesen
963 4257 1269 4333 Ubereinstimmungen
1290 4265 1387 4318 heinen
1407 4264 1504 4329 Zulall,

327 4362 448 4417 sondern
469 4360 521 4413 den
542 4360 645 4413 beweis
664 4359 758 4422 seherr,
781 4357 834 4410 dall
853 4357 961 4424 Trogus
981 4354 1108 4422 Ephorus
1128 4394 1218 4407 .....
1241 4354 1281 4407 als
1300 4353 1502 4420 llauptquellen

327 4454 444 4506 benutzt
464 4450 520 4514 hat,
540 4450 622 4502 deren
637 4448 858 4513 Periodisierung
877 4444 923 4498 idr
943 4445 989 4498 ibn
1010 4442 1195 4504 bestimmend
1208 4457 1336 4509 gewesen
1351 4430 1413 4493 ist“.
1443 4442 1503 4505 Qua

327 4541 362 4595 de
382 4556 409 4593 re
429 4539 496 4592 mihi
516 4537 653 4605 agendum
675 4538 725 4591 erit
746 4551 808 4604 pag.
828 4535 871 4589 66.
1327 4620 1345 4669 5
