3667 5350
801 555 1023 657 -56-7

414 733 536 810 Quinto
573 735 705 817 septimi
740 732 810 799 libri
845 736 951 817 capite
990 739 1099 799 narrat
1131 732 1277 799 lustinus
1311 733 1498 817 Philippum

324 840 491 907 Thebanis
523 839 675 906 obsidem
709 838 750 905 ab
784 839 969 906 Alexandro
1000 838 1098 905 iratre
1139 839 1294 906 traditum
1333 847 1402 906 tres
1442 858 1501 924 per

271 1035 272 1038 Ἴ
326 937 435 1014 annos
459 946 582 1013 Thebis
615 951 777 1012 moratum
811 952 842 1012 et
878 949 930 1026 „ln
960 945 1060 1012 domo
1088 945 1344 1029 Epaminondae,
1375 948 1499 1012 summi

325 1060 357 1120 et
400 1052 589 1138 philosophi
627 1058 658 1118 et
704 1051 928 1136 imperatoris“
973 1052 1146 1118 educatum
1195 1052 1311 1130 esse¹).
1378 1052 1499 1118 Eadem

327 1160 451 1226 eisdem
485 1159 551 1225 lere
587 1158 697 1225 verbis
734 1158 855 1239 „obses
890 1162 1031 1225 triennio
1055 1158 1177 1225 Thebis
1213 1157 1366 1225 habitus“
1400 1159 1503 1225 tradit

327 1267 472 1333 lustinus
503 1270 534 1331 in
567 1264 621 1330 lib.
646 1264 695 1345 Vl,
723 1278 792 1341 hqd
812 1280 876 1342 eti,
908 1265 963 1331 ubi
988 1265 1203 1350 paragraphis
1225 1265 1502 1332 antecedentibus

326 1375 463 1440 secutus
483 1378 535 1438 est
551 1371 811 1455 Theopompum.
851 1371 933 1437 Nam
957 1375 1032 1438 item
1059 1372 1111 1438 hic
1132 1371 1353 1437 Athenienses
1370 1375 1501 1455 vitupe-

327 1485 439 1545 rantur
459 1484 557 1562 atque
582 1481 614 1543 io
631 1477 835 1562 Theopompi
860 1477 1055 1561 fragmentis
1077 1478 1119 1543 95
1144 1484 1175 1544 et
1196 1478 1247 1544 96.
1280 1478 1350 1567 iiuc
1367 1477 1501 1556 accedit,

327 1586 415 1671 quod
441 1588 473 1652 in
499 1585 574 1652 lust.
591 1584 640 1660 Vi,
659 1597 698 1661 lx,
719 1598 735 1649 o
758 1584 898 1667 legimus
922 1584 1021 1650 verba
1049 1588 1152 1664 ,inter
1174 1586 1253 1650 vitia
1271 1582 1503 1664 Graecorum“,

329 1712 412 1778 quae
445 1694 568 1775 optime
601 1690 763 1775 quadrant
795 1690 835 1755 ad
867 1690 1070 1775 Theopompi
1101 1693 1260 1757 rationem
1293 1687 1501 1773 scribendi).

328 1800 437 1884 ltaque
469 1800 589 1864 sinon
622 1803 744 1863 certum
775 1803 883 1863 tamen
910 1799 976 1863 veri
1008 1802 1058 1863 est
1087 1796 1196 1864 simile
1220 1800 1318 1864 eliam
1344 1817 1390 1878 ea,
1415 1816 1504 1881 quae

328 1906 368 1972 de
385 1904 535 1989 Philippo
559 1904 678 1972 obside
703 1910 840 1988 utroque
865 1904 937 1970 ioco
959 1903 1176 1971 eisdemiere
1192 1904 1303 1970 verbis
1320 1909 1503 1983 narrantur,

328 2032 367 2078 ex
390 2012 604 2095 Theopompo
629 2013 728 2095 petita
761 2029 845 2076 esse.
893 2009 1030 2077 Constat
1054 2025 1164 2077 autem
1200 2011 1290 2076 illum
1324 2015 1503 2090 auctorem,

328 2139 367 2184 ex
385 2137 450 2203 quo
468 2137 529 2184 sua
546 2121 692 2202 sumpsit
704 2116 842 2200 Trogus,
859 2120 1021 2183 erravisse
1039 2116 1091 2183 his
1105 2116 1215 2183 verbis
1234 2117 1454 2199 ,Alexandem
1471 2168 1476 2179 .
1495 2168 1504 2183 .

330 2245 387 2310 per
426 2224 567 2291 eundem
604 2221 817 2308 (Philippum)
856 2223 1008 2292 obsidem
1048 2243 1121 2290 cum
1160 2223 1327 2289 Thebanis
1361 2226 1501 2307 gratiam

329 2335 420 2416 pacis
455 2329 660 2398 reconciliat“
691 2328 742 2413 (V,
767 2343 783 2408 l,
803 2328 833 2413 2)
855 2331 874 2409 ).
921 2329 993 2406 Quo
1018 2349 1124 2397 errore
1148 2335 1335 2397 commotus
1359 2329 1501 2414 Trogum

328 2439 441 2505 adisse
469 2437 589 2521 Ephori
622 2439 841 2504 narrationem
871 2440 1097 2520 pronuntiavit
1124 2437 1288 2504 Schubert
1312 2436 1365 2502 his
1388 2434 1431 2519 (p.
1456 2435 1504 2518 2):

332 2546 448 2627 ,Diese
472 2544 585 2621 Quelle
614 2543 720 2610 diirlte
745 2545 841 2611 helne
869 2544 990 2610 andere
1015 2547 1086 2610 sein
1117 2545 1167 2610 als
1191 2542 1373 2622 Ephorus“.
1407 2542 1502 2610 'Cum

330 2656 416 2720 enim
443 2650 656 2731 lust.Vll,1ll,
677 2663 772 2729 τ-τν,
792 2665 808 2718 2
829 2652 951 2718 similia
976 2669 1052 2718 esse
1077 2650 1188 2718 verbis
1205 2650 1400 2718 lierodoteis
1417 2647 1503 2734 (lter.

330 2760 367 2838 V,
384 2757 528 2841 18-22)
550 2766 648 2843 atque
665 2758 829 2842 Ephorum
847 2758 1014 2825 lierodoto
1038 2777 1138 2841 saepe
1163 2777 1262 2824 usum
1287 2777 1363 2824 esse
1387 2763 1503 2824 notum

329 2870 382 2946 sit,
415 2864 503 2932 hunc
536 2884 668 2949 quoque
701 2866 808 2932 locum
841 2869 886 2931 ait
921 2864 1069 2949 aTrogo
1101 2865 1332 2948 depromptum
1362 2884 1439 2931 esse
1463 2882 1504 2930 ex

331 2972 470 3056 Ephoro.
517 2970 669 3039 Concedo
698 2991 772 3038 eum
797 2978 974 3052 auctorem,
1004 2991 1101 3057 quem
1127 2977 1262 3038 secutus
1292 2977 1344 3038 est
1366 2971 1506 3056 Trogus,

332 3082 503 3156 erravisse,
536 3079 681 3145 concedo
715 3078 815 3145 verba
847 3079 960 3146 lustini
993 3076 1068 3161 (Vll,
1103 3092 1141 3156 iil,
1161 3091 1255 3157 1-1V,
1276 3076 1304 3162 2)
1336 3080 1505 3146 simillima

332 3205 408 3253 esse
438 3185 644 3252 llerodoteis.
698 3185 811 3270 Neque
841 3205 919 3252 vero
951 3186 1097 3260 concedo
1128 3185 1313 3253 &huberto
1342 3186 1418 3252 lust.
1442 3185 1507 3269 Vll,

331 3305 398 3370 V,2
430 3299 561 3375 propter
585 3311 622 3358 ea
654 3311 693 3358 ex
718 3291 846 3376 Ephoro
870 3291 1019 3368 fluxisse,
1045 3292 1133 3376 quod
1159 3292 1235 3359 lust.
1259 3293 1320 3374 Vll,
1353 3306 1464 3386 iil-lv,
1489 3310 1505 3361 2

332 3399 408 3465 inde
439 3405 574 3481 sumpta
597 3399 759 3465 videntur.
806 3399 974 3483 idipsum
1000 3405 1109 3465 autem
1136 3418 1229 3483 nego.
1276 3399 1388 3484 Neque
1415 3406 1504 3469 enim

332 3510 412 3590 puto
429 3504 594 3588 Ephorum
615 3505 771 3571 llerodotl
796 3508 1016 3572 narrationem
1042 3506 1236 3573 adverbum
1262 3507 1504 3593 descripturum

330 3645 544 3657 ——n-

422 3732 443 3801 ¹)
464 3740 540 3795 Falsa
560 3741 675 3794 tradidit
689 3740 827 3794 Diodorus
840 3735 916 3805 (XVI,
931 3735 967 3805 2),
982 3741 1057 3809 quod
1073 3743 1185 3809 scripsit
1200 3741 1353 3810 Philippum
1374 3760 1427 3797 una
1442 3760 1505 3798 cum

334 3830 526 3897 Epammonda
547 3830 693 3883 educatum
714 3844 783 3883 esse.
809 3823 860 3888 (CT.
874 3828 1021 3884 Schuberti
1041 3830 1058 3883 l.
1076 3846 1102 3897 p.
1117 3824 1153 3890 1).
1185 3832 1278 3900 ltaque
1298 3848 1354 3885 non
1374 3848 1407 3886 ex
1421 3832 1506 3902 Trogi

332 3918 412 3972 fonte
443 3918 544 3972 hausit.
585 3917 639 3971 Sed
664 3918 848 3986 spectandum
876 3926 919 3973 est
945 3920 1027 3973 etiam
1056 3920 1130 3986 apud
1157 3902 1307 3974 Difldorum
1337 3922 1371 3975 de
1397 3921 1508 3989 Epami-

333 4007 443 4061 nondae
462 4007 562 4061 studiis
582 4007 783 4075 philosophicis
803 4009 888 4062 verba
907 4008 977 4061 fieri.

423 4106 443 4172 ⁹)
462 4113 520 4167 liae
539 4113 572 4166 de
597 4130 624 4168 re
644 4114 772 4168 conteras
797 4129 827 4168 ea
848 4131 919 4183 quae
944 4118 1043 4183 scripsi
1064 4118 1090 4169 in
1110 4132 1175 4184 pag.
1194 4118 1237 4170 60.
1274 4116 1399 4185 Vestigia
1418 4117 1509 4172 Theo-

334 4204 429 4269 pompi
449 4217 502 4255 nos
522 4203 622 4257 babere
642 4205 668 4257 in
689 4203 705 4256 l.
725 4203 778 4268 Vll,
796 4214 865 4269 1,11,
886 4205 933 4258 ubi
953 4204 1045 4258 blidas
1069 4205 1112 4258 his
1132 4206 1226 4259 verbis
1248 4222 1327 4269 ,nam
1353 4208 1376 4260 is
1395 4222 1509 4275 quoque

335 4292 491 4358 portionem
506 4290 687 4346 illacedoniae
706 4282 819 4347 habuit“
837 4300 1080 4358 commemoratur,
1100 4294 1209 4349 collatis
1222 4294 1393 4363 Theopompi
1407 4295 1508 4365 fragm.

333 4380 441 4433 74-78
460 4387 556 4435 monet
576 4396 619 4435 me
637 4382 768 4435 Wilclren.
806 4381 846 4436 Ci.
866 4384 949 4436 etiam
971 4383 1036 4437 lust.
1055 4383 1096 4448 xl,
1116 4393 1170 4442 vn,
1189 4398 1222 4436 τι.

425 4481 446 4547 ⁸)
466 4486 505 4541 Cf.
525 4486 705 4554 Schaeier,
725 4488 927 4543 Demosthenes
947 4506 971 4542 u.
992 4504 1015 4543 s.
1033 4490 1071 4554 Ζ.,
1092 4484 1130 4543 11²
1149 4491 1191 4555 12,
1212 4493 1254 4557 13,
1268 4489 1290 4545 τ’.
