3667 5350
810 597 1030 664 ,32-

332 784 455 860 omnia,
487 797 572 864 quae
595 777 731 859 liebant,
760 781 846 844 satis
869 781 1122 860 cognoscerem).
1165 776 1292 852 Quodsi
1317 784 1512 846 memineri-

333 907 410 955 mus
425 886 677 971 lheopompum
702 884 986 968 duodesexaginta
1010 883 1113 950 libros
1130 884 1172 950 de
1196 884 1296 951 rebus
1319 887 1513 974 aPhilippo

333 997 440 1080 gestis
463 978 708 1087 conscripsisse
736 999 837 1076 atque
860 991 1095 1057 Anaximenem
1125 1009 1258 1074 semper
1283 991 1392 1060 luisse
1416 997 1511 1065 illius

332 1094 532 1182 aemulum')
560 1106 594 1167 et
616 1100 780 1182 epistulas
808 1104 841 1165 et
863 1100 1032 1165 orationes
1056 1101 1129 1164 suis
1153 1100 1287 1182 scriptis
1311 1103 1511 1179 insemisse

331 1208 427 1276 lacile
469 1193 569 1275 nobis
608 1205 862 1291 persuadebitur
899 1205 1056 1272 librorum
1099 1210 1272 1272 numemm
1312 1212 1424 1292 operis
1465 1212 1510 1272 ui

333 1313 411 1396 περὶ
434 1308 643 1394 'Macedone
666 1314 814 1396 inscripti
837 1311 947 1378 luisse
970 1313 1055 1379 satis
1079 1331 1247 1396 magnum.

420 1420 597 1501 Quomodo
627 1433 737 1487 autem
768 1418 891 1486 lactum
924 1420 978 1499 311,
1011 1426 1047 1486 111
1073 1437 1237 1503 perpauca
1259 1428 1388 1488 tantum
1415 1426 1511 1492 illius

332 1535 444 1598 extent
465 1531 616 1613 vestigia,
639 1527 740 1612 paulo
763 1526 847 1593 inira
871 1545 947 1592 sum
972 1526 1269 1593 demonstraturus.
1313 1527 1381 1596 seo
1405 1533 1509 1600 redeo

331 1637 373 1704 ad
405 1633 583 1703 Alcimachi
615 1634 824 1718 legationem.
879 1633 911 1715 li,
944 1636 1000 1718 qui
1033 1641 1152 1718 putant
1183 1653 1259 1700 eum
1291 1654 1318 1702 a.
1355 1637 1509 1719 3331332

331 1742 479 1811 Athenas
502 1744 644 1809 missum
669 1759 756 1821 esse,
783 1748 921 1808 censent
944 1759 1020 1808 eum
1043 1740 1151 1808 luisse
1174 1743 1259 1808 inter
1281 1743 1418 1828 legatos,
1446 1753 1506 1832 qui

330 1851 372 1919 ol.
388 1849 464 1931 111,
479 1849 501 1916 4
520 1846 561 1932 (a
577 1847 739 1931 3331332)
755 1867 859 1915 naves
876 1850 995 1933 longas
1010 1848 1053 1914 ab
1069 1847 1331 1917 Atheniensibus
1346 1860 1509 1935 peterent.

332 1957 444 2044 Neque
459 1974 538 2023 vero
553 1961 684 2022 constat
704 1973 764 2022 eos
783 1962 853 2021 tum
871 1958 998 2022 missos
1014 1974 1100 2022 esse.
1131 1953 1225 2032 Quod
1242 1948 1321 2022 r'nilri
1339 1962 1508 2030 concedes

331 2067 360 2132 sl
386 2066 580 2149 inspexeris,
593 2081 642 2143 ea,
665 2080 750 2147 quae
773 2061 835 2128 hac
858 2062 899 2129 de
923 2061 1086 2146 legatione
1110 2063 1209 2128 relata
1237 2070 1318 2130 sunt
1340 2067 1372 2131 in
1396 2071 1452 2134 vit
1477 2069 1508 2135 Χ,

330 2177 410 2239 orat
434 2181 510 2257 pag:
530 2168 631 2236 8413
654 2175 687 2236 31
708 2169 812 2236 84811
836 2176 869 2237 31
892 2172 926 2235 in
945 2168 1106 2236 Plutarchi
1129 2173 1217 2236 vitae
1232 2169 1406 2238 Phocionis
1430 2193 1501 2258 cap.

329 2277 402 2346 11111.
447 2277 554 2363 Atque
577 2262 683 2343 'multo
706 2278 774 2343 veri
798 2283 851 2344 est
874 2278 1019 2344 similius
1047 2275 1128 2343 haec
1151 2281 1263 2344 omnia
1285 2284 1432 2362 spectare
1456 2283 1502 2346 ad,

330 2385 362 2452 id
386 2390 534 2469 tempus,-
556 2383 613 2450 ubi
630 2370 814 2450 Alexander
836 2391 914 2468 post
936 2383 1121 2450 Thebarum
1143 2384 1502 2454 excidiumAthenien-

329 2480 416 2560 sium
442 2491 546 2559 duces
569 2490 730 2576 exigebat,
762 2509 862 2576 quam
887 2491 929 2557 ad
954 2509 1079 2557 annum
1103 2479 1178 2558 332.
1217 2491 1281 2556 lam
1306 2494 1400 2559 initio
1424 2493 1505 2562 belli

329 2598 448 2667 Persici
464 2600 581 2684 viginti
602 2615 714 2665 eorum
736 2601 852 2665 trieres
873 2600 905 2664 in
925 2600 999 2665 eius
1015 2598 1158 2664 navibus
1177 2605 1277 2679 erant,
1300 2617 1385 2684 quae
1401 2605 1505 2669 etiam

328 2713 405 2791 post
429 2707 575 2791 pugnarn
597 2705 639 2772 ad
657 2704 833 2773 Granicum
855 2709 1071 2773 commissam
1089 2703 1352 2789 retinebanturil.
1384 2708 1508 2777 Nonne

328 2813 391 2881 lroc
414 2812 510 2880 lacile
533 2831 607 2879 cum
634 2812 698 2891 illis
723 2800 805 2880 locis
829 2815 985 2898 coniungi
1010 2814 1145 2898 potest?

416 2909 525 3007 Atque
542 2919 621 2987 illud
635 2905 881 3005 argumentum,
905 2938 972 3006 quo
989 2920 1164 3006 plerosque
1184 2938 1307 3001 eorum,
1330 2925 1385 3006 qui
1404 2931 1507 3007 puta-

327 3034 446 3096 verunt
469 3027 694 3095 Alcimachum
726 3046 815 3094 anno
846 3026 911 3094 333
940 3015 1087 3095 Athenas
1117 3030 1261 3109 venisse,
1293 3031 1392 3097 nixos
1423 3050 1506 3098 esse

326 3138 490 3215 existimo,
514 3136 589 3219 ipse
612 3134 733 3201 delevit
749 3132 876 3207 Koerte.
907 3134 986 3201 Dico
1008 3133 1096 3201 illam
1118 3136 1409 3219 inscriptionem),
1434 3158 1500 3223 qua

327 3240 515 3309 Alcimacho
532 3240 662 3309 cuidam
679 3243 844 3309 civitatem
858 3240 1110 3309 Atheniensium
1128 3259 1217 3308 anno
1228 3241 1376 3325 3331332
1388 3243 1501 3312 datam

327 3367 404 3417 esse
437 3346 660 3416 confirmatur.
706 3347 879 3416 Alexandri
912 3350 1000 3415 enim
1032 3337 1162 3433 legatus
1194 3348 1403 3419 Alcimachus
1431 3360 1500 3419 erat

325 3453 417 3523 iilius
434 3454 625 3541 Agathoclis
649 3452 728 3537 (Arr.
745 3454 842 3523 anab.
859 3452 1005 3539 l,18‚1),
1029 3460 1062 3522 31
1086 3458 1118 3521 in
1144 3449 1358 3541 inscriptione
1382 3457 1498 3542 legitur

325 3554 505 3646 Ἀλκιμάχῳ
529 3555 616 3646 'All
633 3559 702 3639 μῦ).
754 3561 864 3648 ltaque
888 3580 1010 3630 censeo
1033 3581 1107 3629 eum
1134 3567 1211 3647 post
1232 3561 1416 3631 Thebarum
1441 3584 1498 3631 ex-

327 3669 449 3737 cidium
468 3668 614 3750 Athenas
639 3671 781 3737 missurn
807 3688 893 3752 esse,
917 3674 953 3736 ut
973 3668 1015 3736 ab
1035 3671 1085 3736 eis
1105 3687 1208 3736 naves
1224 3676 1385 3756 posceret,
1407 3674 1500 3757 quod

326 3776 547 3845 Anaximenes
571 3779 603 3844 in
629 3776 779 3844 secundo
802 3776 886 3844 libro
909 3773 1107 3860 exposuit⁶).
1267 3781 1269 3786 '

415 4004 437 4073 ¹)
455 4007 532 4067 inid.
552 4027 574 4067 3.
595 4028 622 4067 ν.
641 4002 828 4079 Ἀναξιμένης·
889 4016 890 4019 ’

414 4089 431 4159 'l
452 4100 617 4169 Brzoslra,
637 4102 654 4156 1.
674 4116 696 4157 3.
717 4118 743 4171 p.
764 4102 842 4157 2087.
1333 4125 1336 4129 *
1387 4123 1391 4130 ·

414 4183 437 4252 ’)
458 4189 535 4246 Diod.
555 4190 632 4258 xvii,
652 4191 695 4246 22.
725 4191 834 4259 beloch,
853 4190 899 4246 Gr.
919 4190 1018 4247 (iesch.
1040 4191 1059 4246 ll
1080 4207 1106 4259 p.
1125 4192 1186 4246 629.
1232 4178 1234 4182 ’
1344 4179 1346 4183 ’

413 4269 435 4341 ⁴)
456 4280 472 4335 1.
493 4278 524 4335 3.
545 4280 574 4346 11,
593 4281 654 4335 227.

413 4362 433 4423 ’1
452 4368 511 4425 11113
532 4370 646 4435 accedlt‚
667 4369 741 4439 quod
762 4370 789 4425 in
810 4372 991 4438 inscriptione
1008 4372 1142 4438 seriptum
1163 4373 1255 4427 extitit
1274 4372 1347 4427 aliud
1366 4373 1500 4428 ethnicorr

321 4472 355 4512 ac
373 4457 519 4521 Μακεδών,
557 4456 591 4512 31.
612 4458 721 4527 Koerte,
741 4459 757 4513 l.
777 4474 799 4514 c.
820 4475 846 4528 p.
866 4460 928 4515 418.
1260 4520 1263 4526 ,

412 4536 433 4609 ’1
457 4546 518 4614 lpse
535 4546 666 4603 831133131
685 4550 797 4617 scripsit
822 4548 889 4603 haec
913 4546 992 4614 (1111,
1012 4566 1038 4619 p.
1059 4552 1118 4617 114,
1133 4547 1160 4608 3)
1188 4550 1238 4617 ,Es
1258 4551 1323 4620 liegt
1342 4551 1406 4606 sehr
1426 4554 1503 4609 nahe
