3667 5350
805 565 1028 631 ..48-

327 745 383 812 ubi
406 746 550 829 ‘legimus
579 741 799 827 γ,ἐξαπεστάλη
822 751 926 806 ταῦτα
950 741 989 803 τὰ
1015 740 1114 803 πλοῖα
1132 745 1295 822 πρόφασιν
1313 739 1375 819 μὲν
1391 741 1431 810 ὡς
1447 740 1504 800 τὸν

323 858 417 914 σῖτον
448 854 720 934 παραπέμψοντα
752 843 787 910 ἐκ
823 856 876 910 τοῦ
908 841 1143 933 Ἑλλησπόντου
1175 845 1221 918 εἰς
1244 853 1396 934 Λῆμνον,
1428 849 1504 930 βοη-

327 958 474 1044 θήσοντα
497 956 531 1019 δὲ
554 950 838 1040 Σηλνμβριανοῐς“.
885 955 1050 1022 falsarius
1062 957 1085 1038 ¹)
1115 959 1225 1040 igitur,
1255 973 1444 1040 quanquam
1475 958 1503 1021 ei

327 1084 396 1133 non
422 1067 506 1132 satis
530 1070 645 1131 notum
671 1071 747 1140 erat,
772 1063 828 1129 ubi
845 1062 1031 1148 Selymbria
1055 1068 1145 1130 esset
1169 1066 1242 1140 sita,
1267 1062 1363 1128 linxit
1380 1061 1505 1128 Laoda-

330 1180 475 1240 mantem
513 1171 764 1238 Atheniensium
803 1177 995 1254 praetorem,
1032 1173 1087 1254 qui
1124 1170 1267 1236 temniis
1303 1168 1503 1235 frumentum

329 1279 471 1358 alierret,
496 1297 528 1344 re
552 1296 629 1344 vera
653 1277 774 1344 auxilio
798 1281 934 1344 venisse
957 1277 1205 1362 Selymbrianis.

420 1385 491 1452 lluc
520 1385 653 1465 accedit,
683 1384 771 1468 quod
801 1383 895 1451 iacile
925 1384 1096 1468 intelleges
1126 1385 1206 1450 haec
1230 1385 1329 1451 verba
1357 1385 1505 1465 ,Atropa-

329 1492 445 1561 δοντας
475 1490 729 1574 ναυαρχοῦντοςίί
765 1497 796 1558 et
830 1487 880 1572 „si
908 1490 952 1578 ph
984 1499 1047 1552 τῶν
1078 1485 1149 1552 κατ’
1174 1493 1273 1555 αὐτοῦ
1306 1491 1506 1570 πραγμάτων

333 1601 562 1661 πεπαύσονται
578 1635 620 1643 -
637 1594 741 1682 ἀφῆκε
764 1597 1037 1681 τὸνναύαρχονᾞ
1063 1618 1146 1683 quae
1171 1603 1282 1665 extant
1307 1602 1338 1663 in
1359 1597 1506 1681 pleniore

331 1706 473 1786 scholio,
507 1724 547 1771 ex
579 1705 720 1789 epistula
754 1705 892 1790 Philippi
927 1712 958 1772 et
991 1725 1030 1772 ex
1061 1705 1192 1772 decreto
1224 1724 1348 1790 paragr.
1373 1702 1507 1769 73-74

331 1812 452 1879 tradito
476 1818 609 1896 sumpta
635 1831 719 1878 esse.
766 1810 855 1888 Quae
879 1815 908 1878 si
933 1813 992 1878 tibi
1018 1815 1233 1896 persuaseris,
1257 1810 1504 1878 concedendum

332 1923 394 1987 erit
428 1925 484 1985 aut
517 1937 534 1984 e
570 1917 709 1985 decretis
745 1924 777 1984 et
812 1939 850 1986 ex
887 1920 1027 2003 epistula
1060 1938 1135 1986 esse
1170 1925 1341 2003 sumptum
1374 1918 1507 2001 plenius

328 2027 494 2100 scholion,
518 2043 585 2109 quo
610 2044 694 2092 usus
717 2028 754 2106 is,
780 2028 834 2109 qui
853 2026 1088 2093 Demosthenis
1108 2046 1191 2111 quae
1208 2025 1309 2092 fertur
1324 2027 1506 2092 orationem

335 2132 415 2216 πρὸς
443 2129 501 2218 τὴν
529 2125 703 2218 ἐπιστολὴν
732 2128 791 2216 τὴν
818 2130 990 2194 Φιλίππου
1020 2133 1164 2199 habitam
1191 2137 1421 2217 interpretatus
1447 2137 1508 2210 est,

334 2259 433 2307 suum
450 2239 602 2306 scholion
619 2244 816 2323 composuit,
840 2247 897 2305 aut
922 2241 984 2306 hoc
1007 2240 1159 2307 scholion
1184 2239 1290 2306 luisse
1306 2239 1431 2306 iontem
1450 2236 1508 2302 de-

334 2352 495 2413 cretorum
514 2351 545 2412 et
559 2346 600 2411 ab
617 2364 665 2426 e0,
689 2349 745 2429 qui
763 2346 894 2429 plenius
911 2346 1061 2413 scholion
1083 2349 1289 2430 conscripsit,
1305 2345 1507 2412 verbotenus

334 2453 401 2520 iere
434 2452 635 2536 descriptum
671 2459 702 2519 et
736 2472 809 2519 cum
843 2457 906 2533 eis,
939 2472 1023 2537 quae
1055 2454 1107 2520 ille
1139 2474 1178 2520 ex
1210 2453 1349 2520 decretis
1382 2451 1507 2517 falsarii

334 2563 489 2644 sumpsit,
518 2559 633 2626 callide
663 2563 885 2645 compositum
911 2579 996 2627 esse.
1043 2561 1111 2627 lloc
1135 2579 1213 2627 vero
1237 2564 1266 2626 si
1292 2563 1508 2638 existimares,

327 2666 472 2734 adderes
496 2666 697 2734 scholiastae
722 2672 753 2734 et
777 2666 981 2734 decretorum
1006 2667 1141 2735 lalsario
1166 2667 1255 2735 illum
1281 2670 1412 2734 tertium
1429 2685 1507 2732 auc-

333 2780 447 2854 torem,
476 2777 532 2858 qui
562 2774 713 2840 scholion
745 2780 776 2840 et
796 2770 935 2842 'decreta
959 2779 1196 2843 coniunxisset.
1243 2775 1371 2852 Quibus
1396 2775 1508 2839 causis

333 2886 522 2947 commotus
547 2886 670 2947 certum
691 2900 767 2948 esse
788 2881 872 2948 duco
896 2882 1111 2949 scholiastam
1130 2883 1286 2949 hausisse
1303 2900 1342 2947 ex
1359 2880 1508 2946 decretis.

335 2988 469 3072 ltaque
502 2990 733 3054 omittamus
764 2987 838 3055 hoc
867 2988 1053 3056 scholion
1083 2997 1119 3057 et
1151 2992 1365 3056 reiciamus
1395 2987 1507 3052 illum

336 3113 460 3160 rerum
485 3094 678 3176 ordinem,
703 3113 815 3178 quem
841 3099 1056 3179 proposuit
1080 3095 1251 3164 Nitsche.

424 3201 534 3270 Redeo
569 3208 677 3269 autem
715 3220 767 3282 eo,
809 3201 896 3269 unde
932 3202 1089 3269 aberravi.
1148 3203 1187 3270 Ut
1226 3201 1438 3269 Philochorus
1478 3205 1509 3266 et

330 3306 573 3392 ¹Theopompus
598 3308 638 3375 de
662 3307 805 3375 navibus
829 3308 869 3375 ad
895 3309 1016 3377 llieron
1041 3314 1146 3396 captis
1170 3311 1268 3377 verba
1285 3309 1441 3389 iecerunt,
1465 3310 1509 3373 ita

336 3413 514 3498 Pompeius
552 3415 680 3499 Trogus
720 3434 853 3499 quoque
892 3434 950 3483 eas
985 3421 1261 3493 commemoravit.
1313 3416 1508 3499 Quanquam

243 3547 245 3551 ¹
330 3527 447 3588 autem
472 3540 547 3588 eum
573 3522 704 3605 plenius
729 3521 769 3588 de
794 3523 859 3588 illis
885 3523 984 3591 rebus
1009 3528 1120 3609 egisse
1144 3531 1268 3591 certum
1294 3529 1353 3603 est,
1383 3526 1414 3588 in
1440 3523 1510 3605 epi-

336 3633 427 3694 toma
456 3647 474 3694 a
508 3628 632 3696 lustino
662 3632 847 3713 conscripta
877 3630 957 3696 nihil
987 3631 1128 3715 legimus
1158 3634 1221 3698 nisi
1254 3630 1365 3712 meet)
1393 3629 1511 3713 „igitur

337 3734 508 3818 Philippus
542 3735 640 3820 longa
676 3735 864 3803 obsidionis
895 3736 929 3820 (i.
959 3756 984 3805 e.
1009 3735 1168 3822 Byzantii)
1202 3756 1293 3803 mora
1326 3738 1510 3804 exhaustus

338 3845 478 3925 pecunia
513 3846 746 3910 commercium
783 3843 823 3910 de
858 3847 994 3929 piratica
1030 3852 1205 3912 mutuatur.
1252 3844 1365 3928 Captis
1400 3846 1510 3927 itaque

338 3947 438 4016 CLXX
474 3949 617 4016 navibus
653 3950 894 4035 mercibusque·
921 3951 1088 4019 distractis
1121 3953 1329 4019 anhelantem
1364 3953 1509 4035 inopiam

338 4054 508 4138 paululum
537 4056 720 4124 recreavit.“
770 4057 860 4135 Quae
883 4058 981 4125 verba
1007 4078 1025 4125 e
1046 4059 1261 4144 ,Theopompo
1292 4058 1410 4124 hausta
1435 4073 1511 4122 esse

319 4160 423 4227 ,inira
456 4181 531 4228 sum
564 4164 860 4232 demonstraturus.
906 4166 951 4231 lix
984 4171 1034 4233 eis
1064 4174 1173 4234 autem
1206 4171 1341 4250 apparet
1365 4167 1429 4230 iam
1454 4162 1510 4229 diu

429 4408 449 4475 ¹l
468 4416 638 4484 Droysen,
659 4418 699 4475 lo.
718 4417 796 4472 Schr.
817 4418 835 4484 l,
855 4435 881 4487 p.
902 4421 961 4474 183.

429 4495 451 4566 2)
472 4506 536 4560 rust.
557 4506 596 4571 nr,
617 4509 641 4571 1,
662 4509 693 4573 5;
713 4507 737 4561 o.
