3667 5350
785 579 1005 645 ..61-

311 760 438 824 31111331
456 757 537 824 haec
553 757 653 823 verba
674 756 847 839 „Thebani
865 761 920 841 qui
938 776 1012 822 cum
1031 776 1136 823 rerum
1155 760 1344 840 potirentur,
1366 774 1486 822 secun-

313 851 389 930 dam
423 863 588 930 fortunam
624 863 824 931 imbecillo
858 869 969 930 animo
1000 860 1174 929 ferentes“.
1222 861 1301 928 Cum
1334 861 1422 928 hunc
1453 865 1484 927 in

312 970 447 1036 modum
480 970 625 1036 Thebani
661 970 888 1054 obiurgentur,
921 970 1109 1036 Phocenses
1141 968 1291 1052 sacrilegi
1327 975 1486 1034 vocantur

312 1081 364 1156 ita,
398 1082 433 1142 ut
465 1076 549 1143 hanc
583 1083 706 1161 partem
742 1097 781 1143 ex
813 1078 928 1143 eodem
961 1075 1052 1143 lonte
1084 1075 1225 1142 fluxisse
1254 1075 1485 1158 intellegamus

311 1198 409 1267 atque
434 1186 575 1267 priorem
605 1184 741 1250 alterius
765 1187 884 1268 capitis
913 1182 958 1266 (ll,
983 1179 1091 1264 1—7),
1123 1182 1178 1248 ubi
1208 1189 1240 1248 et
1263 1181 1430 1248 Thebanis
1455 1186 1487 1246 et

312 1289 540 1356 Phocensibus
576 1296 608 1356 et
643 1290 793 1374 Philippo
830 1290 1043 1357 maledicitur.
1095 1289 1120 1355 Α
1154 1289 1358 1373 Theopompi
1396 1306 1486 1354 more

312 1396 527 1463 maledicendi
560 1397 666 1463 aliena
699 1416 764 1464 non
799 1393 920 1479 sunt1).
969 1397 1099 1463 Accedit
1131 1402 1240 1462 autem
1270 1395 1358 1461 aliud
1388 1414 1486 1478 argu-

313 1500 502 1586 mentum²)‚
529 1503 627 1588 quod,
652 1506 805 1588 quamvis
830 1507 875 1571 sit
892 1504 1007 1582 leuius,
1030 1510 1140 1570 tamen
1160 1523 1224 1570 non
1244 1501 1485 1588 neglegendum

312 1629 388 1676 esse
422 1617 511 1695 puto.
558 1608 685 1677 51131113
717 1619 796 1677 sunt
829 1611 883 1676 illa
914 1609 944 1693 §i
977 1618 1112 1695 quartae
1140 1611 1248 1690 verba,
1273 1629 1357 1694 quae
1386 1608 1486 1674 modo

313 1717 452 1797 laudavi,
483 1717 558 1782 huic
582 1716 817 1784 Demosthenis
843 1718 914 1784 loco
939 1715 993 1799 (de
1016 1737 1079 1784 cor.
1102 1717 1157 1799 18)
1186 1704 1251 1798 ,οἷς
1274 1715 1333 1796 γὰρ
1358 1714 1484 1798 εὐτυχή-

311 1838 409 1883 κεσαν
445 1816 481 1883 ἐν
513 1826 692 1904 Λεύκτροις
723 1823 760 1884 οὐ
792 1825 929 1904 μετρίως
962 1817 1199 1906 ἐκέχρηνιο“3)
1251 1824 1486 1907 Theopompus
1532 1803 1534 1808 Ι

314 1935 423 1995 331331
448 1930 577 1997 videtur
606 1933 742 2015 saepius
772 1950 855 1997 usus
885 1950 962 1997 esse
986 1930 1221 1998 Demosthenis
1246 1926 1486 2010 orationibus⁴l

313 2055 419 2120 neque
444 2056 518 2102 eum
541 2039 723 2103 orationem
746 2037 786 2103 de
808 2057 929 2106 corona
952 2037 1107 2118 habitam,
1132 2044 1167 2104 ut
1184 2043 1252 2104 erat
1269 2036 1486 2116 celeberrima,

313 2146 487 2226 ignorasse
512 2150 563 2210 est
587 2144 765 2228 probabile.
806 2145 915 2229 ltaque
941 2164 1007 2210 non
1033 2144 1247 2229 prohibemur
1271 2145 1333 2211 hoc
1358 2145 1428 2210 loco
1446 2143 1487 2209 de

311 2248 526 2334 Theopompo
558 2250 659 2317 huius
692 2251 887 2335 paragraphi
919 2256 1050 2317 auctore
1080 2254 1230 2335 cogitare.
1277 2250 1382 2334 lltque
1408 2249 1487 2316 haec

313 2357 425 2422 lustini
451 2355 551 2423 verba
579 2354 611 2439 (ξ
635 2358 666 2434 9)
702 2357 797 2438 ,1313
829 2377 908 2424 3313
941 2364 972 2423 31
1002 2361 1141 2442 pecunia
1174 2358 1294 2423 divites
1325 2357 1487 2423 conducto

312 2466 537 2529 mercennario
562 2461 682 2530 milite“
721 2464 872 2531 conferas
905 2483 1031 2548 quaeso
1061 2483 1134 2530 curn
1167 2464 1373 2548 Theopompi
1400 2462 1488 2546 frag-

313 2573 434 2636 mentis
467 2570 532 2636 182
565 2572 693 2650 31183,
725 2590 914 2655 quanquam
945 2572 998 2637 his
1023 2576 1321 2638 commemorantur
1345 2571 1486 2653 singula,

312 2697 395 2762 quae
420 2678 505 2744 bello
531 2678 690 2746 Phocensi
715 2679 913 2745 acciderunt.
959 2680 1045 2745 llaec
1070 2698 1203 2764 quoque
1226 2678 1326 2745 verba
1358 2677 1486 2759 „Philo-
1563 2677 1566 2682 ’

312 2785 417 2851 melus
443 2838 449 2851 .
475 2786 698 2869 ..sacrilegii
728 2805 854 2870 poenas
885 2790 986 2871 impio
1015 2790 1179 2870 sanguine
1203 2785 1281 2852 luit“
1309 2784 1484 2851 attribuam

311 2891 537 2976 Theopompo.
567 2892 662 2959 ilunc
686 2897 773 2958 enirn
800 2893 956 2959 docuisse
979 2912 998 2958 a
1023 2893 1096 2959 deis
1121 2911 1180 2959 eos
1202 2898 1306 2960 morte
1328 2892 1486 2958 multatos

312 3017 397 3078 esse,
422 3001 477 3083 qui
503 2999 639 3067 donaria
664 2999 819 3084 Delphica
844 3000 1054 3084 diripuerant,
1078 3006 1214 3084 apparet
1238 3019 1277 3065 ex
1300 2998 1485 3082 fragmento

314 3105 387 3171 182.
435 3104 482 3171 111
509 3105 649 3172 3331331
674 3105 925 3191 Theopompum
958 3126 998 3172 ne
1023 3106 1204 3173 referamus
1229 3106 1360 3173 Diodori
1385 3104 1485 3171 verba

310 3210 400 3292 (XVI,
417 3212 469 3292 31,
485 3212 520 3293 4)
545 3211 640 3293 „door
665 3215 707 3298 τῷ
730 3212 884 3296 δαιμονίῳ
908 3212 999 3283 δίκας
1014 3216 1215 3297 κατέστρεψε
1232 3212 1288 3273 τὸν
1304 3210 1396 3291 prou‘
1422 3231 1485 3278 nos

313 3325 393 3403 puto
426 3317 609 3404 impediri⁶l
644 3338 700 3402 eo,
739 3321 827 3405 quod
864 3320 950 3405 apud
991 3321 1170 3387 Diodorum
1211 3320 1351 3404 legimus
1389 3308 1491 3400 ,1δέ

312 3537 379 3590 such
400 3536 530 3605 gemacht
550 3537 593 3591 die
612 3536 733 3592 Athener
753 3539 809 3591 und
829 3538 1042 3593 lacedomonier
1060 3554 1155 3606 wegen
1176 3538 1248 3591 ihrer
1268 3537 1486 3603 Untersttiizung

312 3626 360 3679 der
382 3626 496 3679 Pholrier
520 3643 554 3679 zu
581 3627 801 3695 entschuldigen,
832 3629 887 3682 und
912 3629 1002 3682 dieser
1023 3628 1157 3682 Umstand
1182 3628 1238 3695 legt
1263 3642 1314 3680 uns
1338 3626 1382 3679 die
1403 3625 1486 3693 Frage

314 3715 392 3780 nahe,
413 3717 449 3768 ob
470 3715 518 3768 der
537 3714 680 3769 Veriasser
700 3716 747 3770 der
767 3716 861 3779 Quelle
881 3718 959 3771 nicht
977 3718 1065 3771 selbst
1085 3718 1128 3770 ein
1148 3715 1269 3770 Athener
1288 3703 1370 3769 war“.

402 3795 423 3861 1ι
443 3804 528 3858 miter
548 3811 642 3858 censer
661 3803 798 3859 schusen
818 3802 854 3873 (ρ.
873 3808 916 3871 aa,
936 3808 980 3871 49,
999 3808 1052 3863 511.

403 3886 424 3953 2)
440 3892 499 3948 lloc
519 3895 571 3947 1331
593 3894 665 3947 vidit
683 3893 820 3948 &hubert
841 3889 878 3963 (p.
898 3895 951 3952 33).

403 3976 723 4041 3111313133131331133
747 3985 770 4037 si
797 3983 888 4051 placet
912 3985 947 4037 ad
968 3983 1046 4037 Diod.
1067 3983 1132 4048 XVI,
1151 3984 1230 4048 23,2
1257 3974 1315 4048 ,διὰ
1336 3971 1385 4045 τὴν
1404 3994 1486 4027 κατα·

311 4067 399 4134 huntam
425 4072 472 4134 τῆς
494 4066 656 4137 1131113131*
676 4080 703 4126 et
731 4073 765 4126 ad
787 4073 865 4126 Diod,
890 4072 956 4138 XVI,
976 4074 1018 4138 23,
1038 4074 1054 4125 4
1075 4062 1223 4129 ,διδάσκων
1243 4063 1279 4123 ὥς
1303 4063 1407 4119 ἐκτῖσαι
1432 4064 1486 4135 μὲν

313 4153 346 4206 Ου’
365 4150 496 4207 δύνανταί
523 4151 553 4207 τὰ
573 4153 749 4227 πράγμαῑα“1
778 4178 849 4231 quae
878 4163 912 4215 ad
939 4164 1054 4216 verbum
1083 4162 1140 4216 fere
1168 4167 1327 4229 congruunt
1353 4176 1415 4215 cum
1443 4159 1486 4212 his

313 4250 406 4303 verbis
423 4251 513 4318 „quod
527 4265 616 4304 arcem
630 4250 790 4305 Thebanam
805 4241 1005 4319 occupassent“
1021 4258 1049 4305 et
1065 4257 1159 4317 ,13313
1178 4252 1294 4318 pecunia
1310 4250 1485 4311 damnantur,

312 4344 416 4406 quanta
433 4340 541 4393 exsolvi
560 4355 616 4393 non
636 4337 758 4408 posset“,
776 4356 847 4410 quae
867 4342 940 4409 apud
960 4341 1025 4395 lust.
1039 4340 1104 4406 Vlll,
1118 4351 1164 4402 1,s
1180 4346 1207 4393 et
1221 4339 1284 4404 Vlll,
1300 4349 1344 4400 1,1
1360 4338 1485 4404 legimus.

401 4418 424 4485 4)
445 4427 577 4483 Conleras
598 4430 680 4484 velim
701 4447 732 4484 ea
752 4446 823 4498 quae
842 4432 941 4498 scripsi
962 4446 1025 4499 pag.
1044 4430 1087 4483 29.

402 4512 425 4578 ἦ)
445 4516 530 4571 Aliter
551 4517 653 4572 iudicat
672 4518 809 4574 Schubert
829 4514 867 4588 (p.
887 4514 942 4581 49).
