3667 5350
833 633 1052 699 ..84-

357 830 428 877 rum
463 811 602 895 plurima
634 811 787 878 videntur
819 831 895 878 esse
927 813 1120 896 deprompta
1155 798 1197 879 'ex
1234 817 1306 880 eius
1346 817 1377 880 in
1410 813 1533 880 Demo-

357 918 510 984 sthenem
535 921 780 985 commentariis
810 924 846 984 ut
875 917 990 1002 fragm.
1020 917 1039 984 7
1071 937 1098 986 s.
1130 939 1159 986 ν.
1194 916 1381 1003 necaremus
1409 921 1533 1002 (Aquo-

357 1025 475 1108 σθένης
500 1022 734 1109 Φιλιππικοῖς),
757 1024 872 1110 fragm.
895 1025 937 1091 11
962 1044 990 1093 s.
1010 1046 1039 1093 v.
1064 1027 1233 1109 Μάστειρα
1258 1020 1306 1110 (ἐν
1328 1020 1359 1110 η’
1378 1025 1448 1090 Φιλ,
1472 1029 1535 1106 Δ),

359 1276 422 1326 τίων
441 1274 488 1326 καὶ
506 1273 626 1345 Δι’δομοσ
643 1281 684 1334 sic
704 1281 940 1348 interpretandum
965 1288 1007 1334 est
1028 1280 1181 1340 „Androtio
1206 1283 1284 1335 cuius
1303 1283 1465 1336 testimonio
1487 1283 1530 1335 hic

359 1383 426 1422 usus
445 1374 488 1423 est
508 1357 670 1436 Didymus‘.
706 1367 774 1423 Cum
795 1385 862 1424 vero
887 1385 919 1423 ex
940 1369 994 1424 hoc
1018 1372 1218 1425 commentario
1245 1371 1437 1438 intellegamus
1457 1372 1531 1424 huuc

358 1474 442 1526 saepe
461 1475 493 1512 ex
515 1460 561 1514 illo
581 1459 716 1522 hausisse,
742 1475 798 1513 non
826 1459 958 1524 dubitem,
985 1461 1051 1527 quin
1077 1461 1160 1513 etiam
1186 1461 1271 1513 mulla
1292 1461 1344 1513 alia
1365 1461 1438 1514 illius
1457 1460 1531 1528 lrag·

359 1555 452 1602 menta
481 1564 529 1617 per
554 1550 772 1602 commentarios
792 1548 944 1616 Didymeos
972 1549 1007 1601 ad
1037 1563 1089 1603 nos
1110 1551 1296 1616 pervenerint.
1334 1550 1362 1603 ln
1382 1551 1478 1616 primis
1498 1564 1530 1602 ea

359 1637 489 1692 videnlur
509 1653 558 1705 per
577 1638 725 1706 Didymum
752 1637 842 1691 solum
861 1644 975 1691 servata
994 1651 1063 1703 esse,
1090 1653 1161 1706 quae
1180 1638 1254 1706 apud
1274 1653 1323 1692 eos
1342 1645 1470 1692 auctores
1491 1640 1535 1691 in-

360 1729 517 1793 veniuntur,
537 1728 583 1795 qui
603 1729 662 1781 eius
681 1727 768 1785 libros
785 1727 988 1794 expilaverunt,
1014 1741 1140 1796 quaeque
1159 1727 1291 1782 exhibent
1311 1728 1426 1782 eandem
1448 1729 1534 1782 inter-

360 1817 486 1884 pretandi
506 1811 651 1882 rationem,
671 1831 725 1884 qua
746 1816 789 1869 ille
809 1831 876 1869 usus
896 1822 946 1870 est.
986 1815 1080 1885 ltaque
1099 1817 1135 1870 ad
1155 1816 1265 1881 Didymi
1286 1817 1372 1871 libros
1392 1819 1418 1870 in
1433 1817 1532 1871 Demo-

358 1905 485 1960 sthenem
506 1906 632 1973 aliosque
650 1904 776 1959 rhetores
804 1906 926 1972 scriptos
949 1905 1064 1959 referam
1090 1905 1245 1973 fragmenta
1267 1909 1291 1970 1,
1315 1902 1361 1972 (3),
1380 1909 1405 1972 5,
1426 1907 1468 1971 10,
1489 1909 1530 1971 11,

362 1996 402 2060 12,
422 1995 465 2060 17,
484 1995 527 2060 23,
547 1994 590 2060 27,
609 1995 652 2060 50,
671 1996 705 2048 51
726 2000 809 2062 atque
829 1995 863 2048 ad
883 1996 943 2048 eius
961 1995 1053 2048 studia
1074 1995 1101 2049 in
1119 1996 1243 2049 comicos
1256 2003 1284 2049 et
1297 1997 1419 2064 tragicos
1433 2004 1536 2062 poetas

361 2084 460 2138 collata
487 2083 586 2152 fragm.
606 2084 693 2149 4,47,
713 2085 756 2149 13,
774 2084 818 2148 46,
838 2085 881 2149 42,
900 2084 944 2148 43,
962 2085 1006 2149 29,
1024 2084 1068 2149 32,
1087 2085 1130 2138 45.
1168 2083 1261 2152 Exque
1289 2086 1349 2138 eius
1376 2085 1474 2139 libellis
1503 2087 1531 2138 in

360 2173 431 2227 allos
459 2178 559 2241 poetas
588 2175 755 2241 conscriptis
784 2179 913 2242 excerpta
938 2179 1007 2240 puto
1031 2188 1092 2227 esse
1115 2172 1215 2241 fragm.
1233 2175 1277 2239 31,
1296 2175 1340 2240 38,
1359 2174 1402 2227 28.
1438 2172 1530 2240 Neque

361 2262 459 2317 dubito
484 2263 550 2331 quin
570 2263 653 2316 etiam
673 2262 772 2330 fragm.
790 2262 826 2316 59
846 2263 872 2316 in
894 2261 986 2331 Etym.
999 2262 1104 2330 blagno
1123 2269 1152 2317 et
1170 2278 1214 2330 ap.
1233 2262 1353 2331 ilesych.
1369 2263 1481 2316 relatum
1496 2277 1529 2314 err

362 2352 481 2419 Didymo
507 2352 703 2420 depromptum
731 2353 775 2406 sit.
813 2352 900 2406 hiulca
920 2351 1103 2406 Androtionis
1122 2351 1229 2421 fragm,
1255 2368 1326 2421 quae
1345 2353 1446 2407 tradita
1465 2358 1535 2405 sunt

361 2457 376 2496 a
395 2440 491 2509 Steph.
513 2441 587 2509 Byz,
612 2457 770 2510 quanquam
796 2443 905 2511 singula
930 2440 1018 2495 firmis
1037 2448 1121 2510 atque
1140 2441 1287 2495 luculentis
1306 2443 1477 2510 argumentis
1496 2442 1532 2494 ad

361 2546 422 2584 enm
442 2530 543 2584 referre
561 2546 618 2584 non
638 2546 797 2599 possumus,
816 2547 866 2599 per
878 2530 1026 2598 Didymum
1046 2537 1158 2584 servata
1178 2545 1239 2584 esse
1256 2538 1372 2598 apparet
1386 2546 1418 2583 err
1431 2529 1533 2598 fragm.

360 2620 395 2675 58
415 2612 534 2679 „Olunta
553 2653 560 2665 ·
580 2653 586 2666 ·
606 2611 642 2674 uie
659 2612 818 2685 Ἀνδροτίων
841 2614 889 2666 καὶ
907 2613 1053 2686 Διδομος“.
1090 2618 1181 2690 Atque
1207 2620 1251 2674 illa
1278 2625 1343 2675 octo
1366 2619 1533 2687 fragmenta,

358 2711 405 2763 ubi
421 2708 604 2764 Androtionis
616 2708 709 2764 Atthis
729 2725 783 2764 una
804 2726 865 2764 cum
887 2709 1043 2764 Philochori
1063 2709 1192 2764 laudatur
1212 2702 1343 2771 [Philoch.
1357 2709 1455 2777 fragm.
1471 2711 1535 2774 122,

357 2800 441 2863 1301,
460 2799 521 2865 133,
536 2800 597 2856 150,
611 2800 672 2863 153,
692 2799 735 2864 63,
755 2795 820 2864 (64),
839 2800 883 2865 17,
896 2791 973 2864 (59))
994 2814 1042 2867 per
1056 2798 1204 2867 Didymum
1225 2814 1325 2853 censeo
1345 2798 1380 2852 ad
1399 2813 1452 2852 nos
1473 2815 1538 2866 per·-

359 2889 478 2942 venisse.
511 2887 549 2942 lta
569 2889 642 2941 enim
662 2896 728 2942 sunt
747 2890 915 2956 conscripta,
936 2897 966 2943 ut
985 2888 1126 2957 aDidymi
1140 2890 1249 2943 ratione
1262 2873 1461 2955 interpretandi
1476 2904 1532 2942 non

359 2977 535 3032 abhorreant.
561 2976 623 3039 Quo
642 2977 757 3043 accedit,
778 2978 853 3046 quod
867 2979 951 3032 etiam
965 2993 1059 3032 eorum
1074 2970 1175 3043 sermo,
1195 2985 1329 3046 quantum
1346 2978 1537 3045 intellegimus

359 3082 421 3120 cum
447 3065 583 3133 Didymeo
609 3068 763 3134 congruit.
785 3066 935 3134 Compares
964 3082 1068 3135 quaeso
1097 3067 1165 3121 haec
1193 3066 1313 3121 Philoch.
1340 3065 1438 3135 fragm.
1459 3067 1533 3119 130a

360 3148 412 3214 „uis
431 3150 551 3203 συνιδεῖν
572 3149 646 3203 ἔσιδ*
667 3171 728 3210 cum
750 3155 809 3209 Did.
829 3157 880 3210 col.
897 3157 940 3221 13,
954 3156 990 3209 40
1009 3150 1130 3215 ,συνίδοι
1143 3168 1183 3208 ιιι
1203 3148 1254 3202 ‘’iv“
1274 3153 1314 3215 (et
1333 3155 1537 3220 Did.col.1,29

360 3237 414 3302 ,ἄν
434 3258 474 3298 τις
492 3239 633 3311 σιινίδοι“),
653 3244 774 3299 Philoch.
794 3245 847 3313 frg,
867 3246 920 3299 133
939 3237 1136 3303 ,ἐντελέστατα
1155 3239 1303 3297 διείλεκται
1322 3239 1386 3309 περὶ
1405 3242 1459 3291 τῶν
1478 3238 1534 3290 δια·

361 3330 522 3397 ψηφιστσῑν“
535 3349 596 3389 cum
612 3334 671 3388 Did.
692 3335 743 3396 col.
758 3336 800 3400 12,
814 3335 850 3388 42
869 3326 1028 3401 ιε’ντελιδςῧ,
1048 3335 1101 3397 col.
1114 3335 1139 3400 7,
1153 3335 1196 3402 66,
1210 3324 1289 3403 ,περί
1301 3318 1333 3397 ἧς
1351 3326 1365 3379 δ
1382 3324 1534 3397 Φιλόχορος

360 3418 533 3482 διείλεκται“,
553 3424 605 3479 col,
619 3425 644 3489 9,
658 3425 693 3478 45
712 3420 794 3489 ,περὶ
814 3408 848 3471 οὗ
866 3418 1039 3483 διείλεκται“,
1062 3424 1114 3478 col,
1129 3426 1171 3489 14,
1184 3425 1219 3477 35
1239 3418 1404 3489 ,διείλεκται
1422 3414 1452 3469 δὲ
1470 3417 1534 3486 περὶ

361 3503 462 3577 ταύτης
475 3512 524 3578 τῆς
543 3502 659 3577 ὄργιὶδος
678 3507 724 3560 καὶ
738 3506 923 3581 Ἀνδροτίων“,
943 3513 1009 3567 Phil,
1029 3512 1127 3581 fragm,
1143 3514 1195 3567 150
1214 3504 1309 3571 „archei
1322 3526 1386 3576 φησι
1400 3512 1430 3557 Α.
1444 3524 1474 3558 τε
1487 3508 1535 3557 καὶ

364 3591 532 3670 Φιλόχορος“
552 3619 614 3659 cum
635 3603 694 3657 Did,
714 3604 766 3657 col,
785 3604 811 3668 9,
825 3605 859 3656 51
881 3593 975 3661 ,καθά
994 3616 1059 3666 φησι
1076 3592 1278 3668 Ἀναξιμένης“.

450 3691 566 3760 Septimi
586 3691 768 3747 Androtionis
787 3693 848 3747 libri
869 3693 960 3746 adhuc
980 3698 1077 3746 notum
1098 3699 1157 3746 erat
1176 3692 1274 3761 fragm.
1288 3693 1331 3756 24,
1351 3708 1407 3760 quo
1421 3693 1536 3746 demon·

361 3788 466 3836 stratur
494 3784 521 3835 in
550 3781 604 3836 hoc
629 3783 699 3837 libro
724 3789 863 3837 narratam
889 3797 950 3836 esse
969 3780 1137 3836 Onomarchi
1158 3783 1306 3836 victoriam
1326 3782 1367 3848 ,ol-
1387 3782 1477 3846 106,4
1497 3780 1535 3834 la.

362 3866 454 3928 35372)
485 3871 518 3925 de
542 3871 681 3926 Thebanis
710 3880 737 3927 et
765 3870 899 3926 Coroneis
928 3877 1107 3940 reportatam.
1151 3871 1276 3925 Accessit
1296 3886 1369 3924 nunc
1388 3870 1487 3939 fragm.
1507 3872 1535 3923 in

363 3959 423 4013 Did.
440 3960 492 4013 col.
506 3961 548 4025 14,
558 3962 673 4026 36-14,
684 3961 718 4015 49
738 3961 864 4027 relatum,
883 3961 959 4030 quod
980 3961 1015 4015 ad
1035 3975 1137 4014 annum
1151 3956 1270 4022 350l349
1289 3962 1416 4028 pertinet.
1445 3959 1535 4028 Atque

364 4050 422 4103 veri
443 4057 485 4103 est
503 4051 592 4104 simile
612 4052 673 4105 libri
694 4052 788 4105 octavi
808 4049 906 4119 fragm.
927 4066 970 4119 ap.
984 4049 1081 4117 Steph.
1096 4049 1160 4118 byz.
1174 4066 1196 4104 s.
1211 4066 1237 4103 v.
1251 4038 1390 4096 Ἀκόντιον
1402 4050 1535 4103 traditum
1590 4082 1594 4089 ·

363 4145 490 4207 spectare
510 4139 545 4192 ad
565 4155 608 4194 res
627 4156 701 4195 anno
721 4141 774 4193 348
800 4141 827 4194 in
847 4140 958 4194 Euboea
983 4147 1087 4208 gestas.
1125 4140 1217 4208 Neque
1241 4145 1316 4194 caret
1339 4140 1416 4193 omni
1436 4140 1537 4205 proba-

365 4229 472 4283 bilitate
490 4228 651 4284 Schwartzii
672 4231 809 4283 sententia
830 4224 1031 4298 (Paulyi·Wiss.
1052 4228 1124 4286 8.-Ε.
1143 4229 1151 4282 l
1171 4244 1197 4297 p.
1213 4222 1304 4295 2174),
1324 4229 1370 4297 qui
1390 4228 1418 4281 in
1437 4227 1539 4295 fragm.

364 4332 387 4370 s.
404 4334 429 4370 v.
444 4307 605 4381 διαψήφισις
624 4334 667 4386 ap.
681 4318 814 4386 llarpocr.
833 4326 948 4373 servato
968 4320 1117 4386 proposuit
1127 4310 1302 4383 ..Ἀνδροτίων
1322 4308 1353 4364 ἕν
1373 4315 1405 4385 τῇ
1417 4306 1436 4362 u'
1450 4308 1538 4362 Ἇῖδί·

365 4401 428 4459 διδ*
449 4422 499 4475 pro
521 4400 695 4473 ,Ἀνδροτίων
715 4400 745 4455 ἐν
764 4408 807 4472 rit
820 4398 968 4461 lltfllos“·
1001 4408 1089 4471 Quam
1110 4409 1213 4461 civium
1233 4407 1422 4461 recensionem
1436 4404 1538 4460 Archia

366 4495 500 4551 archonte
516 4491 892 4560 111110346734511151111111111
907 4514 968 4553 esse
980 4483 1093 4551 scimus.
1118 4496 1159 4550 ild
1175 4496 1319 4565 lyciscum
1334 4502 1407 4550 certe
1420 4494 1540 4549 archon-

366 4591 422 4640 tem
442 4578 479 4645 (a.
493 4579 621 4645 3447343)
640 4589 699 4642 eius
718 4587 810 4642 Atthis
825 4588 961 4656 producta
981 4593 1024 4641 est
1042 4580 1112 4646 lbid.
1133 4585 1185 4640 col.
1204 4587 1229 4651 8,
1249 4583 1302 4641 14).
