3667 5350
811 651 1030 717 ..38-

523 898 551 966 c)
572 895 614 953 De
634 895 757 964 Philippi
779 895 857 953 hello
878 899 983 952 contra
1004 855 1152 954 urbanos
1173 902 1326 965 suscepto.

426 1025 480 1092 Bis
493 1022 681 1110 Philippum
699 1024 861 1092 adversus
877 1024 1039 1092 Triballos
1056 1026 1234 1093 bellavisse
1252 1030 1387 1093 scimus.
1416 1027 1512 1094 Prius

334 1132 457 1202 bellum
485 1133 611 1199 uidetur
634 1138 829 1216 suspectum
854 1150 931 1198 esse
955 1132 1165 1214 3111103451),
1190 1136 1356 1217 posterius
1376 1140 1509 1217 gestum

333 1244 387 1305 est
410 1258 499 1305 anno
522 1238 630 1318 339⁹).
678 1238 757 1306 Cum
784 1238 824 1305 de
849 1238 903 1304 illo
929 1239 1009 1305 nihil
1034 1239 1101 1306 iere
1126 1240 1279 1306 traditum
1305 1244 1357 1317 sit,
1382 1240 1421 1306 de
1446 1240 1512 1307 hoc

334 1345 467 1429 plenius
492 1352 600 1412 actum
626 1352 678 1412 est
702 1348 734 1410 in
758 1345 854 1429 Trogi
878 1345 1010 1429 Pompei
1020 1344 1044 1429 3)
1069 1349 1211 1431 epitoma
1236 1366 1255 1412 a
1279 1347 1404 1414 lustino
1428 1365 1509 1413 con-

335 1451 429 1531 lecta,
454 1453 509 1518 ubi
536 1455 568 1518 in
586 1453 604 1519 l.
629 1452 674 1531 ΙΧ,
697 1451 728 1532 3,
752 1452 772 1517 2
797 1452 939 1536 legimus
963 1453 1043 1519 haec
1068 1452 1168 1534 ,lhox
1190 1453 1359 1537 proelium,
1384 1457 1510 1537 inquo

334 1561 379 1625 ita
412 1562 444 1624 in
475 1558 599 1626 femore
630 1559 822 1625 vulneratus
855 1566 906 1626 est
930 1559 1110 1644 Philippus,
1142 1565 1178 1626 ut
1210 1579 1266 1644 per
1290 1579 1410 1644 corpus
1434 1563 1508 1626 eius

332 1672 449 1750 equus
476 1666 718 1741 interficeretur,
752 1684 824 1731 cum
858 1683 976 1732 omnes
1008 1669 1154 1733 occisum
1188 1673 1352 1751 putarent,
1385 1654 1509 1750 praelia

329 1776 458 1839 amissa
484 1771 564 1839 est“.
611 1773 771 1839 Videmus
802 1776 899 1856 igitur
922 1772 1010 1856 apud
1036 1773 1212 1857 Didymum
1237 1771 1308 1855 (col.
1334 1774 1384 1854 13,
1409 1772 1449 1855 3)
1466 1774 1510 1840 de

331 1878 448 1946 eodem
475 1880 598 1963 proelio
622 1898 710 1945 anno
734 1879 800 1945 339
824 1883 1006 1945 commisso
1030 1883 1082 1964 agi
1107 1885 1206 1963 atque
1227 1880 1315 1963 apud
1337 1880 1509 1945 lustinum.

335 1985 477 2070 Utroque
500 1990 588 2053 enim
604 1987 685 2064 loco
708 1989 848 2070 legimus
867 1986 1004 2069 Philippi
1023 1986 1129 2053 femur
1145 1985 1370 2053 transfossum
1388 1985 1509 2068 esse4).

330 2092 373 2159 Ut
397 2092 437 2158 'ex
460 2093 573 2159 lustini
590 2094 700 2159 verbis
721 2093 859 2176 ,praeda
880 2097 1006 2159 amissa
1024 2092 1093 2159 est“
1113 2093 1306 2160 concludere
1322 2112 1509 2176 possumus

331 2199 535 2266 Macedones
552 2202 616 2266 iam
634 2203 765 2279 vicisse,
790 2203 834 2265 ita
852 2219 890 2266 ex
907 2200 960 2266 his
978 2199 1098 2278 verbis,
1123 2218 1206 2284 quae
1222 2200 1311 2285 apud
1329 2199 1507 2283 Didymum

329 2307 485 2391 leguntur
518 2304 596 2392 ,τὴν
628 2308 759 2388 σάρισάν
788 2326 874 2376 τινος
902 2313 966 2366 τῶν
998 2305 1178 2367 διωκόνῑων
1199 2357 1205 2369 .
1227 2357 1234 2370 ,
1259 2357 1265 2370 ,
1287 2357 1294 2370 ,
1315 2306 1502 2383 ὠσαμένου“

329 2413 554 2499 intellegimus
573 2415 756 2498 Philippum
773 2417 943 2479 victoriam
960 2412 1002 2479 ab
1020 2413 1175 2479 hostibus
1194 2417 1256 2479 iam
1275 2417 1509 2496 reportavisse.

328 2520 413 2587 ,Nam
446 2539 520 2587 eum
550 2541 568 2587 a
593 2521 775 2587 lllacedone
807 2520 961 2604 quodam,
994 2523 1049 2604 qui
1080 2520 1197 2586 hostes
1226 2525 1420 2604 persecutus
1445 2527 1508 2602 est,
1590 2524 1592 2526 ’

327 2627 538 2695 uulneratum
568 2647 645 2696 esse
674 2633 809 2714 apparet
833 2645 872 2693 ex
896 2627 997 2694 verbo
1021 2623 1079 2711 rip
1103 2629 1244 2709 σάρισαν.
1291 2626 1402 2712 Neque
1427 2646 1509 2695 vero

328 2736 477 2801 concedo
512 2735 680 2803 Foueartio
721 2734 763 2819 (p.
788 2734 866 2813 145)
903 2734 991 2800 hunc
1024 2734 1159 2800 militem
1191 2734 1297 2801 fuisse
1329 2754 1432 2800 unum
1465 2755 1508 2802 ex

329 2841 541 2925 phalangitis,
574 2849 609 2909 ut
633 2843 694 2909 hac
718 2842 916 2909 Graecorum
948 2859 1029 2908 voce
1064 2848 1143 2908 utar.
1190 2840 1269 2908 Cum
1305 2841 1358 2907 his
1388 2842 1506 2909 hostes

324 2941 397 3014 hon
427 2953 535 3040 potuit
558 2951 710 3033 persequi
737 2949 916 3033 Philippus,
945 2948 1004 3014 sed
1030 2967 1104 3014 cum
1129 2951 1276 3032 equitatu
1301 2948 1430 3016 solebat
1454 2951 1509 3014 in-

329 3059 448 3122 sistere
472 3052 719 3140 fugientihus³l
756 3056 865 3139 ltaque
891 3054 942 3121 illa
969 3054 1098 3138 Didymi
1124 3055 1222 3121 verba
1247 3073 1347 3139 supra
1372 3054 1507 3121 laudata

330 3179 542 3188 .-..—-—-

418 3253 637 3321 hachaefer,
658 3257 674 3310 l.
695 3272 717 3309 c.
738 3250 777 3309 ill
797 3272 822 3322 p.
842 3256 908 3321 521;
930 3255 1036 3318 11346,
1057 3258 1080 3308 1.

418 3340 441 3405 ²)
459 3341 661 3413 Kromayer‚
681 3344 744 3399 hut.
763 3343 915 3399 Schlachtl.
937 3346 963 3396 in
984 3343 1139 3398 Griechenl.
1158 3344 1166 3397 l
1188 3360 1213 3410 p.
1234 3345 1284 3397 181
1304 3339 1382 3404 (hell.
1403 3339 1440 3399 1).

418 3424 438 3494 ³)
457 3434 498 3489 Cl.
513 3436 599 3489 etiam
621 3435 696 3489 Dem.
716 3435 749 3488 de
769 3449 824 3488 cor.
844 3434 879 3487 67
898 3436 1012 3501 eiusque
1031 3433 1118 3487 schol.
1138 3428 1228 3490 (Dind.
1251 3434 1326 3487 Dem.
1345 3433 1410 3498 Vlll‚
1430 3428 1505 3493 286),

326 3524 398 3578 Plut.
417 3521 493 3577 Alex.
514 3524 585 3578 fort.
607 3524 624 3588 l,
644 3524 669 3577 9.

417 3607 438 3672 4)
457 3612 538 3681 Apud
558 3619 705 3681 utrumque
724 3615 887 3680 scriptorem
907 3629 969 3667 cum
987 3613 1053 3666 nihil
1069 3614 1233 3681 praebeatur
1248 3613 1300 3665 nisi
1315 3626 1402 3679 pauca
1418 3614 1506 3666 verba

324 3719 361 3757 cx
391 3709 504 3757 auctore
534 3703 666 3770 primario
685 3709 823 3768 excerpta.
853 3702 921 3755 nihil
950 3703 1024 3756 aliud
1053 3703 1208 3769 comparari
1238 3707 1340 3769 potest.
1383 3701 1420 3755 lle
1450 3701 1508 3756 hoc

329 3794 438 3861 quidem
465 3793 622 3861 intellegere
643 3806 793 3860 possumus
814 3791 972 3846 hauseritne
993 3792 1128 3859 Didymus
1154 3806 1187 3844 ex
1213 3791 1267 3844 alio
1287 3796 1400 3844 auctore
1419 3797 1507 3859 atque

329 3883 484 3949 Pompeius.
522 3881 614 3950 Neque
635 3881 751 3935 foucart
771 3881 855 3934 habet
875 3897 917 3934 me
938 3883 1144 3945 assentientem,
1164 3881 1211 3947 qui
1232 3873 1306 3947 (pag.
1320 3880 1372 3933 142
1392 3886 1419 3934 ct
1438 3874 1507 3941 143)

326 3977 409 4039 putat
437 3973 490 4025 hoc
516 3971 580 4025 loco
606 3971 753 4037 Didymum
779 3972 806 4023 in
833 3972 929 4036 primis
956 3970 1080 4023 hausisse
1106 3985 1138 4023 ex
1158 3968 1287 4038 Marsyae
1312 3970 1397 4022 lihris.
1434 3969 1504 4023 Nam

329 4060 395 4114 illud
421 4057 505 4121 φασίν
528 4056 592 4119 (col.
612 4060 659 4125 12,
689 4060 735 4115 63)
758 4060 861 4113 dictum
887 4066 930 4113 est
953 4065 980 4113 et
1008 4060 1042 4113 dc
1065 4059 1178 4126 dlarsya
1204 4065 1231 4113 ct
1255 4059 1288 4111 de
1311 4057 1505 4127 Theopompo.

325 4150 456 4217 Marsyas
487 4155 529 4203 est
557 4149 681 4217 aequalis
707 4148 855 4203 Alexandri
883 4149 987 4217 Dlagni,
1016 4164 1072 4203 non
1101 4147 1218 4215 Philippi
1246 4153 1274 4201 et
1296 4146 1507 4216 Theopompus.

328 4240 500 4306 amplissimo
526 4253 609 4306 opere
633 4253 676 4291 res
700 4239 735 4291 ab
760 4237 813 4291 hoc
837 4245 932 4305 gestas
957 4238 1111 4304 descripsit,
1139 4238 1185 4290 ubi
1205 4239 1287 4291 etiam
1309 4237 1423 4291 vulnera
1444 4240 1504 4292 eius

328 4330 538 4384 commemorari
559 4330 685 4396 oportuit
712 4332 740 4381 et
764 4327 837 4380 unde
860 4326 981 4381 fortasse
1008 4328 1089 4380 etiam
1111 4326 1242 4393 lharsyas
1256 4325 1363 4391 ,hausit
1382 4324 1429 4383 (ci.
1450 4327 1503 4381 Did

324 4419 379 4473 col.
400 4419 442 4481 12,
462 4414 516 4477 49).
555 4418 648 4485 ltaque
675 4431 726 4470 nos
751 4417 901 4470 diiudicare
926 4432 981 4469 non
1007 4431 1091 4483 posse
1115 4430 1224 4480 censeo,
1250 4421 1340 4469 utrum
1366 4415 1506 4471 hocloco

325 4508 463 4577 Didymus
482 4513 594 4561 secutus
613 4508 659 4560 sit.

414 4587 437 4657 5)
456 4596 496 4657 Cf.
517 4612 579 4665 pag.
599 4597 642 4649 41.
