3667 5350
816 591 1023 665 ..52-

413 773 519 857 Atque
543 775 685 855 primum
704 770 837 854 quidem
863 773 896 835 in
922 789 958 836 ea
983 778 1083 854 parte,
1108 791 1205 856 quam
1232 774 1386 855 inscripsi
1407 771 1498 852 „Quo

323 900 412 947 anno
429 880 544 946 doctae
561 882 631 945 sint
650 877 883 961 Aristophanis
897 877 1174 953 Ecclesiazusae“,
1191 881 1242 962 egi
1257 878 1298 944 de
1316 878 1497 945 Philochori

324 988 509 1071 fragmento
538 989 571 1051 in
602 985 671 1051 Did.
700 986 761 1052 coi.
785 985 814 1064 7,
840 985 973 1050 19-28
1001 985 1131 1063 tradito,
1158 985 1246 1069 quod
1272 985 1407 1051 foucart
1432 1005 1497 1052 non

325 1098 410 1162 satis
435 1097 667 1176 interpretatus
691 1100 752 1172 est,
775 1098 807 1158 et
831 1092 871 1158 de
896 1092 1042 1175 Epicrate
1066 1092 1249 1177 Cephisie0,
1272 1092 1313 1158 de
1328 1111 1394 1176 quo
1412 1092 1497 1158 idem

326 1208 379 1268 est
403 1200 558 1266 iudicium
586 1199 731 1266 foucarti
756 1204 854 1283 atque
874 1198 1064 1279 Staehelini
1089 1219 1187 1284 quem
1213 1199 1273 1265 hac
1298 1201 1331 1264 in
1355 1218 1388 1264 re
1413 1218 1499 1265 erra-

326 1312 418 1374 visse
446 1314 534 1391 puto.
581 1306 626 1371 Ex
655 1311 792 1390 utraque
820 1305 881 1372 hac
912 1310 1107 1390 quaestione
1139 1310 1209 1391 cepi
1238 1306 1428 1372 adiumenta
1456 1306 1497 1371 ad

327 1415 577 1482 Ecclesiazuson
597 1419 731 1497 tempus
752 1417 937 1480 accuratius
961 1413 1306 1480 circumscribendum.

416 1521 522 1586 Altera
556 1527 648 1603 parte
684 1523 915 1603 interpretatus
949 1539 1024 1586 sum
1050 1521 1208 1586 nonnulla
1231 1519 1435 1604 Theopompi
1467 1526 1500 1585 et

327 1629 507 1696 Philochori
532 1627 714 1711 fragmenta
739 1647 805 1693 non
830 1631 1046 1711 acquiescens
1071 1631 1104 1693 in
1128 1632 1186 1708 eis,
1215 1647 1299 1712 quae
1322 1626 1499 1701 Staehelin,

328 1737 465 1803 Foueart
488 1736 542 1801 aiii
559 1736 773 1818 protulerunt,
793 1735 852 1801 sed
867 1735 1040 1801 emendavi
1058 1754 1096 1801 ea
1114 1741 1170 1801 aut
1181 1738 1278 1801 novis
1296 1736 1498 1818 argumentis

328 1842 521 1911 confirmavi
545 1848 603 1908 aut
627 1845 712 1908 auxi.

417 1951 499 2016 Tum
526 1952 755 2033 quaestionem
782 1951 909 2015 institui
933 1949 974 2015 de
995 1949 1109 2016 lustini
1127 1948 1283 2015 librorum
1302 1947 1363 2027 vil,
1385 1945 1499 2023 ν-ΙΧ,

329 2069 385 2124 vin
401 2056 561 2138 fontibus,
585 2075 684 2141 quam
709 2055 816 2122 adhuc
832 2059 892 2122 viri
910 2056 997 2123 docti
1020 2075 1086 2122 non
1109 2059 1173 2122 nisi
1195 2055 1301 2122 obiter
1315 2057 1500 2137 tetigerunt

419 2164 566 2249 Denique
592 2166 727 2229 tractavi
756 2164 970 2230 Anaximenis
999 2163 1102 2230 libros
1130 2163 1316 2242 historicos,
1344 2179 1430 2245 quos
1458 2158 1498 2224 ad

330 2270 544 2356 explicandos
568 2271 750 2338 contulisse
775 2271 897 2355 aliquid
923 2271 1002 2336 mihi
1026 2271 1149 2337 videor.

420 2378 592 2463 Reliquum
624 2385 684 2458 est
717 2385 753 2445 ut
783 2382 977 2463 priusquam
1005 2377 1047 2443 ad
1077 2378 1162 2443 hanc
1190 2376 1499 2469 commentationem

331 2505 384 2552 me
405 2484 570 2552 conteram
590 2490 631 2566 te,
648 2485 747 2552 lector
763 2485 910 2565 candide,
928 2503 1049 2568 rogem,
1066 2490 1102 2549 ut
1117 2483 1261 2566 benigno
1277 2481 1364 2547 ieras
1381 2484 1501 2561 animo,

331 2593 420 2678 quod
455 2591 596 2677 Didymo
632 2593 714 2660 duce
746 2594 845 2660 modo
883 2593 977 2674 hanc,
1013 2591 1112 2658 modo
1149 2591 1235 2657 iilam
1271 2592 1500 2674 quaestionem

331 2701 512 2786 aggredior.
