3667 5350
805 581 1026 646 ..10-

332 777 421 824 anno
446 758 592 824 392391
618 756 725 825 luisse
750 761 901 824 iuvenem
928 777 993 824 non
1019 765 1071 826 est
1096 759 1311 843 improbabile
1335 778 1409 826 eum
1432 765 1506 825 tum

336 872 487 932 secutum
527 885 603 931 esse
639 867 865 932 auctoritatem
898 866 1050 931 avunculi
1061 864 1084 949 ¹)
1121 866 1259 951 Agyrrbi
1296 865 1507 951 Collytensis.

332 992 430 1057 quem
456 973 520 1038 illis
544 972 752 1056 temporibus
776 992 908 1038 summa
934 975 966 1039 in
990 992 1024 1039 re
1049 972 1179 1057 publica
1196 976 1388 1040 auctoritate
1405 993 1503 1039 usum

331 1099 408 1147 esse
432 1080 595 1147 discimus
625 1098 699 1146 cum
730 1099 769 1146 ex
797 1080 873 1146 aliis
895 1082 1098 1148 testimoniis
1123 1087 1194 1147 tum
1219 1080 1282 1146 hoc
1302 1080 1507 1147 Ecclesiazu-

331 1207 442 1254 sarum
469 1183 574 1269 locol)

550 1305 731 1393 ,Ἀγύρριος
754 1364 761 1378 ·
787 1365 792 1378 ·
818 1365 856 1378 ··

543 1417 656 1500 „Novi
679 1413 717 1499 δ’,
744 1418 830 1500 ὁρᾷς,
856 1420 994 1500 πράττει
1016 1417 1056 1480 τὰ
1080 1414 1201 1498 μέγιστ’
1226 1413 1262 1480 ἐν
1285 1422 1324 1504 τῇ
1346 1417 1468 1482 notam

695 1736 724 1806 b)
744 1735 786 1793 De
806 1735 944 1804 Epicrate
965 1735 1136 1804 eepnisieo.

419 1883 511 1949 Unus
541 1902 580 1949 ex
609 1883 735 1967 legatis,
765 1903 852 1967 quos
881 1883 1102 1950 Athenienses
1131 1884 1292 1950 suadente
1316 1882 1505 1949 Callistrato

333 2009 421 2056 anno
438 1989 502 2055 391
523 1993 554 2056 in
575 1990 707 2056 exilium
726 1994 896 2071 miserunt,
920 1990 982 2056 luit
999 1991 1165 2075 Epicrates
1182 1990 1387 2075 Cephisieus
1402 2010 1502 2074 quem

329 2097 470 2164 eundem
503 2116 579 2163 esse
613 2104 873 2183 constatatque
902 2098 1094 2182 Epicratem,
1131 2102 1182 2164 cui
1215 2105 1283 2165 erat
1315 2116 1500 2181 cognomen

329 2200 563 2287 σακεσφόροςθ).
611 2204 667 2270 Cui
702 2205 870 2271 Platonem
906 2209 1068 2271 comicum
1103 2209 1135 2271 in
1166 2205 1287 2284 fabula,
1318 2224 1403 2289 quae
1432 2210 1501 2270 erat

328 2313 486 2396 inscripta
506 2313 667 2393 Πρέσβυς,
693 2311 841 2378 illusisse
866 2331 906 2378 ex
931 2315 980 2378 eis
996 2309 1224 2396 fragmentis⁴l
1249 2318 1391 2396 apparet,
1416 2330 1504 2395 quae

327 2418 380 2484 bic
406 2424 601 2502 sequuntur.
648 2418 754 2503 Atque
778 2419 920 2502 legimus
946 2422 978 2485 in
1003 2419 1119 2502 fragm.
1142 2419 1208 2484 119

506 2543 584 2640 Kale*
611 2553 727 2638 ἔλαβον
748 2553 946 2642 Ἐπικράτης
969 2579 1003 2621 τε
1027 2559 1082 2620 καὶ
1108 2562 1282 2641 Φορμίσιος

503 2663 594 2750 παρὰ
618 2674 675 2727 τοῦ
699 2665 851 2748 βασιλέως
875 2664 1012 2729 πλεῖστα
1036 2665 1294 2763 δωροδοκήματα,

503 2772 647 2853 ὀξύβαφα
671 2778 771 2855 χρυσᾶ
795 2772 850 2835 καὶ
872 2776 1085 2845 πινακίσκους
1108 2770 1273 2857 ἀργυροῦς,

326 2919 358 2982 in
383 2916 500 3001 fragm.
524 2917 589 2982 120

503 3059 648 3128 κυάθους
672 3058 766 3128 ὁόους
790 3052 990 3142 ἐκλεπτέτην
1013 3055 1174 3139 ἑκάστοτε,

326 3204 358 3267 in
384 3201 499 3285 fragm.
523 3202 587 3268 121

500 3346 654 3427 σκευάρια
677 3341 713 3430 δὴ
740 3342 862 3428 κλέψας
886 3338 1068 3430 άπεκήρυξ’
1092 3344 1246 3426 ἐκφέρων,

325 3489 357 3552 in
383 3486 499 3571 fragm.
523 3487 588 3553 124

413 3632 543 3712 χαίρεις,
568 3620 668 3711 οἶμαι,
693 3633 959 3707 μεταπεττεάσας
983 3630 1082 3691 αὐτὸν
1105 3629 1345 3710 διακλιμακίσας
1367 3651 1412 3712 τε,

414 3735 445 3796 οἷ
493 3737 673 3820 ὑπηνόβιου
697 3739 949 3820 σπαρτιοχαίτην
972 3730 1214 3818 ῥυποκάνδυλον
1237 3735 1457 3819 ἑλκετρίβωυα.

412 4017 434 4085 ¹)
455 4024 529 4078 Dem.
558 4025 645 4090 XXIV,
664 4026 734 4087 4135.
782 4024 820 4078 De
843 4025 995 4079 Andocidis
1019 4033 1046 4080 et
1070 4026 1190 4095 Agyrrbi
1216 4031 1366 4083 inimicitiis
1386 4032 1496 4097 cogitat

324 4113 471 4167 boucart
491 4108 530 4181 (p.
551 4114 611 4179 169,
630 4110 668 4172 3).

411 4211 431 4281 ²)
451 4220 533 4274 Arist.
554 4220 656 4274 Eccles.
677 4222 737 4274 104.

409 4318 431 4389 ⁸)
452 4328 620 4385 Kirchner
651 4321 829 4397 (Prosopogr.
859 4328 915 4383 ott.
947 4330 989 4382 Nr.
1018 4330 1088 4383 4859
1117 4331 1135 4395 l,
1163 4347 1190 4399 p.
1214 4334 1282 4399 321;
1311 4334 1339 4398 ll,
1372 4351 1398 4401 p.
1417 4330 1493 4398 457),

321 4416 504 4471 Staehelin
524 4410 552 4477 (l.
573 4433 595 4470 c.
616 4433 642 4484 p.
662 4414 715 4476 55).

408 4516 429 4585 ⁶)
449 4524 552 4578 Comic.
572 4522 629 4579 att.
650 4524 755 4593 Fragm.
775 4524 817 4578 ed.
839 4524 929 4581 Koclr
949 4525 966 4590 1,
987 4543 1012 4593 p.
1033 4526 1094 4591 632,
1114 4527 1213 4597 fragm.
1233 4530 1382 4583 119-127.
