3667 5350
803 612 1023 677 ...14-

325 807 403 854 esse
433 789 613 855 multatos?
660 788 774 854 Nonne
799 790 910 857 obstat
934 789 986 856 hic
1011 791 1103 856 iocus
1133 788 1316 871 isocratis¹)
1349 788 1415 870 ,ded
1443 790 1501 851 καὶ

327 889 1500 981 cmmfflmmememNJwfflfflwmfflu

325 1009 568 1083 κατηγοροῐμεν,
606 1002 654 1063 ὅτι
686 1006 897 1083 πεμφθέντες
930 1003 997 1063 ὑπὸ
1029 1005 1091 1062 τῶν
1121 996 1282 1089 Ἑλλήνων
1319 1001 1403 1083 ὑπὲρ
1434 1012 1499 1063 τῶν

324 1110 496 1191 βαρβάρων
520 1103 715 1192 ἐποιήσαντο
739 1108 797 1179 τὰς
820 1109 1028 1194 dandinafl?
1075 1110 1186 1187 Quem,
1212 1129 1401 1194 quanquam
1429 1130 1497 1178 non

324 1221 455 1300 spectat
478 1216 519 1281 ad
537 1215 787 1282 Atheniensium
812 1216 905 1282 coins
924 1217 1060 1300 legatos,
1085 1220 1116 1281 in
1140 1217 1199 1282 hac
1216 1219 1373 1297 oratione,
1397 1237 1496 1301 quam

327 1342 394 1390 non
427 1323 530 1389 multo
563 1329 641 1407 post
674 1342 786 1406 pacem
819 1322 939 1389 iactam
972 1327 1178 1407 conscripsit,
1208 1324 1438 1390 vehementius
1464 1328 1496 1390 in

326 1430 578 1496 Atheniensium
609 1431 735 1513 iegatos
761 1435 964 1495 invecturum
988 1430 1095 1496 tuisse
1119 1449 1178 1514 pro
1207 1438 1294 1496 certo
1319 1431 1434 1509 haben,
1467 1435 1496 1497 si

328 1556 361 1602 re
392 1556 468 1602 vera
499 1539 544 1603 rei
577 1537 652 1603 iacti
684 1545 806 1603 essent.
861 1538 1020 1621 inspicias
1049 1556 1174 1621 quaeso
1203 1544 1308 1603 totum
1343 1539 1496 1605 Aristidis

325 1645 435 1710 iocum
468 1664 568 1727 supra
603 1645 780 1710 laudatum.
836 1644 921 1710 Nihii
950 1644 1038 1709 aiiud
1069 1645 1174 1710 dicere
1202 1646 1330 1710 studuit
1355 1645 1406 1711 iiie
1431 1648 1495 1711 nisi

324 1751 547 1818 Athenienses
572 1756 641 1817 tum
667 1752 798 1817 demum
824 1770 937 1835 pacem
954 1750 1084 1827 iecisse,
1108 1770 1181 1817 cum
1202 1751 1358 1817 omnibus
1375 1751 1497 1836 opibus

328 1859 461 1941 spoiiati
493 1865 616 1924 essent.
662 1857 767 1942 Atque
796 1858 876 1923 haec
905 1857 1005 1923 verba
1033 1865 1115 1938 „coin
1142 1878 1175 1934 γε
1209 1860 1390 1919 πεισάντων
1420 1878 1498 1919 κατ-

299 1976 302 1982 ·
328 1965 492 2040 ε’γνωσαν“
512 1970 675 2048 pertinent
696 1966 736 2029 ad
755 1964 945 2048 Epicratem,
970 1964 1182 2041 Andocidem,
1199 1965 1401 2043 Eubulidem,
1421 1965 1498 2032 Cra-

327 2064 444 2151 tinum,
479 2075 535 2154 qui
571 2090 658 2136 anno
689 2071 752 2136 391
788 2071 1032 2137 Lacedaemone
1067 2076 1185 2138 reversi
1220 2092 1276 2137 eas
1306 2072 1498 2138 rettulerunt

328 2178 588 2244 Atheniensibus
605 2178 826 2257 condiciones,
851 2198 935 2262 quas
953 2197 1040 2244 anno
1058 2179 1124 2244 386
1141 2185 1344 2263 acceperunt.
1378 2179 1497 2245 Notum

326 2291 397 2352 erat
426 2289 538 2352 nescio
567 2286 655 2351 unde
684 2285 817 2351 Aristidi
849 2289 882 2351 in
907 2286 993 2352 beiio
1018 2289 1111 2352 initio
1136 2286 1258 2352 saeculi
1283 2288 1389 2369 quarti
1415 2290 1499 2351 inter

329 2391 473 2458 Graecos
503 2398 598 2475 gesto
628 2412 687 2458 eos
716 2392 851 2475 legatos,
881 2395 936 2476 qui
962 2412 999 2458 ea
1025 2392 1217 2458 condicione
1242 2411 1354 2476 pacem
1380 2412 1499 2459 suase-

328 2505 410 2578 rant,
439 2517 480 2563 ne
504 2502 679 2581 pristinum
707 2502 879 2583 imperium
909 2506 1145 2583 recuperarent,
1173 2499 1214 2565 ab
1240 2499 1498 2566 Atheniensibus

328 2611 504 2671 accusatos
522 2623 606 2686 esse,
630 2609 748 2671 erravit
764 2613 884 2686 autem,
901 2606 990 2690 quod
1004 2605 1084 2671 haec
1096 2606 1194 2672 verba
1216 2614 1296 2688 „rm
1312 2624 1347 2682 γε
1364 2609 1500 2667 πεισάν-

328 2735 392 2774 των
415 2712 636 2789 sarephtanam
665 2718 707 2779 ita
732 2717 874 2797 scripsit,
899 2720 935 2780 ut
958 2714 998 2779 ad
1024 2732 1136 2798 pacem
1162 2733 1250 2780 anno
1267 2714 1332 2778 386
1349 2719 1498 2780 sanctam

329 2820 497 2885 referenda
523 2823 598 2886 sint.
645 2820 757 2886 Utrum
783 2823 981 2903 ignoraverit
1005 2822 1131 2904 legatos
1155 2817 1233 2887 anni
1249 2821 1323 2900 391,
1340 2840 1405 2887 non
1421 2824 1499 2886 anni

325 2927 394 2993 386
407 2946 482 2993 reos
494 2926 600 2993 iactos
614 2946 690 2993 esse
706 2946 747 2992 an
765 2946 879 3010 parum
894 2928 1066 3011 diiigenter
1080 2928 1131 2994 iiia
1149 2928 1247 2994 verba
1265 2931 1501 3011 conscripserit

330 3037 509 3100 nescimus.
556 3033 761 3100 Scholiastae
785 3041 894 3101 autem
921 3042 989 3100 erat
1006 3042 1119 3101 notum
1141 3038 1253 3101 nescio
1270 3054 1336 3118 quo
1354 3054 1393 3100 ex
1409 3034 1501 3101 fonte

332 3144 364 3205 in
398 3141 451 3207 ilio
483 3140 577 3221 belio,
609 3144 704 3206 cuius
735 3140 837 3206 tinem
866 3140 943 3207 iecit
971 3142 1169 3221 Antaicidas,
1198 3141 1377 3224 Epicratem
1403 3142 1500 3224 legati

332 3266 466 3313 munere
494 3247 643 3313 iunctum
673 3253 863 3314 accusatum
894 3267 970 3314 esse
999 3248 1041 3313 ab
1071 3248 1338 3314 Atheniensibus.
1391 3248 1501 3332 itaque

332 3353 486 3420 Aristidis
514 3355 613 3420 verba
642 3355 765 3421 rettulit
793 3355 834 3420 ad
864 3374 987 3439 pacem,
1016 3374 1114 3439 quam
1145 3356 1265 3421 trustra
1295 3358 1402 3421 suasit
1426 3355 1502 3439 Epi-

332 3468 437 3526 crates
455 3481 543 3527 anno
556 3461 630 3541 391,
649 3469 747 3546 atque
764 3463 942 3546 adscripsit
958 3466 1006 3527 eis
1023 3458 1087 3543 „cic
1103 3455 1303 3544 Ἐπικράτην
1316 3458 1502 3542 didiscerat,

332 3562 366 3636 ὃς
389 3562 519 3628 ἔπεισεν
540 3562 734 3650 Ἀθηναίους
758 3621 764 3634 ,
789 3622 795 3634 ,
820 3567 1006 3637 ,δέξασθαι
1030 3565 1088 3652 τὴν
1112 3564 1266 3653 εἷρήνην.“
1300 3570 1402 3634 ilaec
1427 3571 1503 3651 igi-

331 3680 394 3739 tur
422 3693 496 3740 non
526 3675 692 3742 obstant
711 3676 992 3742 Demosthenis
1022 3680 1137 3758 atque
1167 3675 1389 3742 Philochori
1415 3695 1503 3741 ver-

332 3781 408 3860 bis,
433 3781 579 3863 quibus
604 3801 675 3848 nos
701 3786 871 3848 nitimur.

423 3887 515 3953 Nunc
547 3888 588 3953 ad
620 3889 682 3953 aiia
714 3892 903 3955 testimonia
933 3896 1075 3955 transeo.
1127 3888 1158 3953 in
1189 3889 1303 3971 Lysiae
1332 3893 1503 3970 orationis,

276 4030 278 4035 ·
333 4013 418 4078 quae
443 3998 474 4059 in
500 3995 679 4077 Epicratem
704 4000 825 4079 scripta
850 4003 908 4075 est,
933 3996 1138 4079 paragrapho
1154 3999 1247 4061 tertia
1265 3995 1405 4079 legimus
1423 3996 1504 4064 haec

338 4099 410 4180 »καὶ
438 4101 474 4161 οὐ
499 4109 557 4160 νῦν
581 4100 710 4183 πρῶτον
731 4098 899 4184 ὤφθησαν,
925 4100 1005 4163 ἀλλὰ
1028 4102 1083 4162 καὶ
1107 4106 1267 4183 πρότερον
1289 4102 1398 4183 δώρων
1422 4098 1505 4184 ἐκρί-

334 4206 468 4288 θησαν.“
519 4207 760 4292 Cognoscimns
790 4213 888 4293 igitur
918 4213 982 4274 iam
1007 4217 1082 4275 ante
1107 4229 1178 4275 earn
1204 4229 1348 4290 causam,
1381 4214 1509 4295 inqua

335 4314 451 4398 Lysiae
468 4318 573 4381 oratio
599 4316 710 4383 habita
728 4323 788 4397 est,
805 4317 985 4400 Epicratem
1002 4315 1193 4395 δωροδοκίας
1209 4324 1400 4383 accusatum
1418 4336 1504 4384 esse.

425 4528 446 4595 ¹)
466 4536 547 4588 isocr.
569 4535 609 4599 iV,
631 4537 693 4601 177;
713 4535 894 4588 ‹Staeheiin
915 4552 940 4602 p.
961 4537 1001 4588 61.
