<?xml version="1.0" encoding="UTF-8"?>
<!DOCTYPE html PUBLIC "-//W3C//DTD XHTML 1.0 Transitional//EN"
    "http://www.w3.org/TR/xhtml1/DTD/xhtml1-transitional.dtd">
<html xmlns="http://www.w3.org/1999/xhtml" xml:lang="en" lang="en">
 <head>
  <title>
</title>
<meta http-equiv="Content-Type" content="text/html;charset=utf-8" />
  <meta name='ocr-system' content='tesseract 3.04.00' />
  <meta name='ocr-capabilities' content='ocr_page ocr_carea ocr_par ocr_line ocrx_word'/>
</head>
<body>
  <div class='ocr_page' id='page_1' title='image "./studiadidymeahi00florgoog_0032.png"; bbox 0 0 3667 5350; ppageno 0'>
   <div class='ocr_carea' id='block_1_1' title="bbox 856 611 1075 676">
    <p class='ocr_par' dir='ltr' id='par_1_1' title="bbox 856 611 1075 676">
     <span class='ocr_line' id='line_1_1' title="bbox 856 611 1075 676; baseline -0.005 -21"><span class='ocrx_word' id='word_1_1' title='bbox 856 611 1075 676; x_wconf 75' lang='grc'>...14-</span> 
     </span>
    </p>
   </div>
   <div class='ocr_carea' id='block_1_2' title="bbox 327 787 1562 4398">
    <p class='ocr_par' dir='ltr' id='par_1_2' title="bbox 351 787 1555 3862">
     <span class='ocr_line' id='line_1_2' title="bbox 378 787 1551 870; baseline -0.002 -18"><span class='ocrx_word' id='word_1_2' title='bbox 378 806 456 853; x_wconf 93' lang='lat' dir='ltr'>esse</span> <span class='ocrx_word' id='word_1_3' title='bbox 486 789 666 853; x_wconf 83' lang='lat' dir='ltr'>multatos?</span> <span class='ocrx_word' id='word_1_4' title='bbox 713 787 827 854; x_wconf 88' lang='lat' dir='ltr'>Nonne</span> <span class='ocrx_word' id='word_1_5' title='bbox 851 788 963 854; x_wconf 79' lang='lat' dir='ltr'>obstat</span> <span class='ocrx_word' id='word_1_6' title='bbox 987 789 1039 854; x_wconf 92' lang='lat' dir='ltr'>hic</span> <span class='ocrx_word' id='word_1_7' title='bbox 1064 790 1156 854; x_wconf 89' lang='lat' dir='ltr'>iocus</span> <span class='ocrx_word' id='word_1_8' title='bbox 1186 787 1369 870; x_wconf 84' lang='lat' dir='ltr'>Isocratis¹)</span> <span class='ocrx_word' id='word_1_9' title='bbox 1401 787 1468 868; x_wconf 78' lang='lat' dir='ltr'>„dut</span> <span class='ocrx_word' id='word_1_10' title='bbox 1496 789 1551 850; x_wconf 84' lang='grc' dir='ltr'>καὶ</span> 
     </span>
     <span class='ocr_line' id='line_1_3' title="bbox 380 888 1551 980; baseline 0.002 -27"><span class='ocrx_word' id='word_1_11' title='bbox 380 901 443 953; x_wconf 81' lang='grc' dir='ltr'>τῶν</span> <span class='ocrx_word' id='word_1_12' title='bbox 467 897 733 975; x_wconf 78' lang='grc' dir='ltr'><em>πρεσβευσάντων</em></span> <span class='ocrx_word' id='word_1_13' title='bbox 755 897 876 978; x_wconf 79' lang='grc' dir='ltr'><em>ταύτην</em></span> <span class='ocrx_word' id='word_1_14' title='bbox 898 893 957 980; x_wconf 81' lang='grc' dir='ltr'>τὴν</span> <span class='ocrx_word' id='word_1_15' title='bbox 982 891 1110 980; x_wconf 71' lang='grc' dir='ltr'><em>εἰρήνην</em></span> <span class='ocrx_word' id='word_1_16' title='bbox 1134 892 1193 977; x_wconf 87' lang='lat' dir='ltr'>(sc.</span> <span class='ocrx_word' id='word_1_17' title='bbox 1215 914 1242 960; x_wconf 87' lang='lat' dir='ltr'>a.</span> <span class='ocrx_word' id='word_1_18' title='bbox 1258 894 1336 977; x_wconf 81' lang='grc'>386)</span> <span class='ocrx_word' id='word_1_19' title='bbox 1360 894 1489 964; x_wconf 82' lang='grc' dir='ltr'><em>δικαίως</em></span> <span class='ocrx_word' id='word_1_20' title='bbox 1509 888 1551 956; x_wconf 82' lang='grc' dir='ltr'>ἂν</span> 
     </span>
     <span class='ocr_line' id='line_1_4' title="bbox 378 994 1551 1087; baseline 0.003 -29"><span class='ocrx_word' id='word_1_21' title='bbox 378 1007 620 1082; x_wconf 75' lang='grc' dir='ltr'><em>κατηγοροῑμεν,</em></span> <span class='ocrx_word' id='word_1_22' title='bbox 658 1000 707 1062; x_wconf 79' lang='grc' dir='ltr'>δτι</span> <span class='ocrx_word' id='word_1_23' title='bbox 739 1004 950 1082; x_wconf 69' lang='grc' dir='ltr'><em>πεμφθέντες</em></span> <span class='ocrx_word' id='word_1_24' title='bbox 983 1002 1049 1062; x_wconf 76' lang='lat' dir='ltr'>ono</span> <span class='ocrx_word' id='word_1_25' title='bbox 1081 1003 1143 1061; x_wconf 77' lang='grc' dir='ltr'>τῶν</span> <span class='ocrx_word' id='word_1_26' title='bbox 1174 994 1334 1087; x_wconf 74' lang='grc' dir='ltr'><em>Ἑλλήνων</em></span> <span class='ocrx_word' id='word_1_27' title='bbox 1371 1000 1455 1082; x_wconf 75' lang='grc' dir='ltr'><em>ὑπὲρ</em></span> <span class='ocrx_word' id='word_1_28' title='bbox 1486 1011 1551 1062; x_wconf 72' lang='grc' dir='ltr'>τῶν</span> 
     </span>
     <span class='ocr_line' id='line_1_5' title="bbox 377 1101 1549 1193; baseline 0.008 -26"><span class='ocrx_word' id='word_1_29' title='bbox 377 1109 548 1189; x_wconf 77' lang='grc' dir='ltr'><em>βαρβάρων</em></span> <span class='ocrx_word' id='word_1_30' title='bbox 573 1101 768 1191; x_wconf 69' lang='grc' dir='ltr'><em>ἐποιήσαντο</em></span> <span class='ocrx_word' id='word_1_31' title='bbox 792 1106 849 1178; x_wconf 83' lang='grc' dir='ltr'>τὰς</span> <span class='ocrx_word' id='word_1_32' title='bbox 873 1108 1081 1193; x_wconf 64' lang='grc' dir='ltr'><em>σννδήκας“ἲ</em></span> <span class='ocrx_word' id='word_1_33' title='bbox 1127 1109 1239 1186; x_wconf 87' lang='lat' dir='ltr'>Quem,</span> <span class='ocrx_word' id='word_1_34' title='bbox 1265 1127 1454 1192; x_wconf 83' lang='lat' dir='ltr'>quanquam</span> <span class='ocrx_word' id='word_1_35' title='bbox 1481 1129 1549 1176; x_wconf 90' lang='lat' dir='ltr'>non</span> 
     </span>
     <span class='ocr_line' id='line_1_6' title="bbox 377 1214 1548 1299; baseline 0.003 -20"><span class='ocrx_word' id='word_1_36' title='bbox 377 1219 507 1298; x_wconf 85' lang='lat' dir='ltr'>spectat</span> <span class='ocrx_word' id='word_1_37' title='bbox 530 1215 571 1280; x_wconf 90' lang='lat' dir='ltr'>ad</span> <span class='ocrx_word' id='word_1_38' title='bbox 589 1214 840 1281; x_wconf 76' lang='lat' dir='ltr'>Atheniensium</span> <span class='ocrx_word' id='word_1_39' title='bbox 865 1215 958 1281; x_wconf 83' lang='lat' dir='ltr'>colos</span> <span class='ocrx_word' id='word_1_40' title='bbox 977 1217 1112 1299; x_wconf 84' lang='lat' dir='ltr'>legatos,</span> <span class='ocrx_word' id='word_1_41' title='bbox 1137 1218 1169 1280; x_wconf 94' lang='lat' dir='ltr'>in</span> <span class='ocrx_word' id='word_1_42' title='bbox 1192 1216 1252 1280; x_wconf 94' lang='lat' dir='ltr'>hac</span> <span class='ocrx_word' id='word_1_43' title='bbox 1269 1218 1425 1296; x_wconf 87' lang='lat' dir='ltr'>oratione,</span> <span class='ocrx_word' id='word_1_44' title='bbox 1449 1236 1548 1299; x_wconf 89' lang='lat' dir='ltr'>quam</span> 
     </span>
     <span class='ocr_line' id='line_1_7' title="bbox 380 1321 1549 1406; baseline 0.003 -20"><span class='ocrx_word' id='word_1_45' title='bbox 380 1340 447 1388; x_wconf 94' lang='lat' dir='ltr'>non</span> <span class='ocrx_word' id='word_1_46' title='bbox 480 1321 582 1387; x_wconf 89' lang='lat' dir='ltr'>multo</span> <span class='ocrx_word' id='word_1_47' title='bbox 616 1329 693 1406; x_wconf 90' lang='lat' dir='ltr'>post</span> <span class='ocrx_word' id='word_1_48' title='bbox 726 1341 839 1405; x_wconf 83' lang='lat' dir='ltr'>pacem</span> <span class='ocrx_word' id='word_1_49' title='bbox 871 1321 992 1387; x_wconf 86' lang='lat' dir='ltr'>iactam</span> <span class='ocrx_word' id='word_1_50' title='bbox 1025 1325 1231 1405; x_wconf 82' lang='lat' dir='ltr'>conscripsit,</span> <span class='ocrx_word' id='word_1_51' title='bbox 1260 1322 1491 1389; x_wconf 89' lang='lat' dir='ltr'>vehementius</span> <span class='ocrx_word' id='word_1_52' title='bbox 1517 1327 1549 1389; x_wconf 90' lang='lat' dir='ltr'>in</span> 
     </span>
     <span class='ocr_line' id='line_1_8' title="bbox 379 1428 1549 1512; baseline 0.003 -20"><span class='ocrx_word' id='word_1_53' title='bbox 379 1428 631 1495; x_wconf 73' lang='lat' dir='ltr'>Atheniensium</span> <span class='ocrx_word' id='word_1_54' title='bbox 662 1430 788 1512; x_wconf 84' lang='lat' dir='ltr'>legatos</span> <span class='ocrx_word' id='word_1_55' title='bbox 813 1433 1017 1494; x_wconf 88' lang='lat' dir='ltr'>invecturum</span> <span class='ocrx_word' id='word_1_56' title='bbox 1041 1428 1147 1495; x_wconf 83' lang='lat' dir='ltr'>fuisse</span> <span class='ocrx_word' id='word_1_57' title='bbox 1171 1448 1230 1512; x_wconf 96' lang='lat' dir='ltr'>pr0</span> <span class='ocrx_word' id='word_1_58' title='bbox 1260 1436 1347 1494; x_wconf 92' lang='lat' dir='ltr'>certo</span> <span class='ocrx_word' id='word_1_59' title='bbox 1372 1430 1487 1509; x_wconf 88' lang='lat' dir='ltr'>habeo,</span> <span class='ocrx_word' id='word_1_60' title='bbox 1521 1435 1549 1496; x_wconf 88' lang='lat' dir='ltr'>si</span> 
     </span>
     <span class='ocr_line' id='line_1_9' title="bbox 381 1536 1550 1620; baseline 0.003 -19"><span class='ocrx_word' id='word_1_61' title='bbox 381 1555 414 1601; x_wconf 96' lang='lat' dir='ltr'>re</span> <span class='ocrx_word' id='word_1_62' title='bbox 445 1555 520 1601; x_wconf 87' lang='lat' dir='ltr'>vera</span> <span class='ocrx_word' id='word_1_63' title='bbox 552 1538 595 1601; x_wconf 92' lang='lat' dir='ltr'>rei</span> <span class='ocrx_word' id='word_1_64' title='bbox 630 1536 704 1602; x_wconf 89' lang='lat' dir='ltr'>iacti</span> <span class='ocrx_word' id='word_1_65' title='bbox 737 1544 858 1602; x_wconf 91' lang='lat' dir='ltr'>essent.</span> <span class='ocrx_word' id='word_1_66' title='bbox 914 1537 1073 1619; x_wconf 75' lang='lat' dir='ltr'>inspicias</span> <span class='ocrx_word' id='word_1_67' title='bbox 1102 1555 1227 1620; x_wconf 85' lang='lat' dir='ltr'>quaeso</span> <span class='ocrx_word' id='word_1_68' title='bbox 1256 1541 1361 1601; x_wconf 92' lang='lat' dir='ltr'>totum</span> <span class='ocrx_word' id='word_1_69' title='bbox 1395 1537 1550 1604; x_wconf 79' lang='lat' dir='ltr'>Aristidis</span> 
     </span>
     <span class='ocr_line' id='line_1_10' title="bbox 378 1643 1549 1726; baseline 0.003 -19"><span class='ocrx_word' id='word_1_70' title='bbox 378 1643 488 1708; x_wconf 91' lang='lat' dir='ltr'>iocum</span> <span class='ocrx_word' id='word_1_71' title='bbox 521 1662 621 1726; x_wconf 90' lang='lat' dir='ltr'>supra</span> <span class='ocrx_word' id='word_1_72' title='bbox 655 1643 833 1709; x_wconf 89' lang='lat' dir='ltr'>laudatum.</span> <span class='ocrx_word' id='word_1_73' title='bbox 888 1643 973 1709; x_wconf 88' lang='lat' dir='ltr'>Nihil</span> <span class='ocrx_word' id='word_1_74' title='bbox 1003 1643 1091 1708; x_wconf 88' lang='lat' dir='ltr'>aliud</span> <span class='ocrx_word' id='word_1_75' title='bbox 1121 1643 1226 1708; x_wconf 80' lang='lat' dir='ltr'>dicere</span> <span class='ocrx_word' id='word_1_76' title='bbox 1255 1644 1383 1709; x_wconf 89' lang='lat' dir='ltr'>studuit</span> <span class='ocrx_word' id='word_1_77' title='bbox 1408 1644 1459 1710; x_wconf 89' lang='lat' dir='ltr'>ille</span> <span class='ocrx_word' id='word_1_78' title='bbox 1484 1647 1549 1710; x_wconf 89' lang='lat' dir='ltr'>nisi</span> 
     </span>
     <span class='ocr_line' id='line_1_11' title="bbox 377 1749 1550 1834; baseline 0.003 -19"><span class='ocrx_word' id='word_1_79' title='bbox 377 1749 600 1816; x_wconf 88' lang='lat' dir='ltr'>Athenienses</span> <span class='ocrx_word' id='word_1_80' title='bbox 624 1755 694 1815; x_wconf 92' lang='lat' dir='ltr'>tum</span> <span class='ocrx_word' id='word_1_81' title='bbox 720 1751 850 1816; x_wconf 93' lang='lat' dir='ltr'>demum</span> <span class='ocrx_word' id='word_1_82' title='bbox 877 1769 988 1834; x_wconf 83' lang='lat' dir='ltr'>pacem</span> <span class='ocrx_word' id='word_1_83' title='bbox 1006 1749 1136 1828; x_wconf 82' lang='lat' dir='ltr'>iecisse,</span> <span class='ocrx_word' id='word_1_84' title='bbox 1161 1768 1234 1815; x_wconf 95' lang='lat' dir='ltr'>cum</span> <span class='ocrx_word' id='word_1_85' title='bbox 1255 1750 1411 1816; x_wconf 89' lang='lat' dir='ltr'>omnibus</span> <span class='ocrx_word' id='word_1_86' title='bbox 1428 1750 1550 1834; x_wconf 91' lang='lat' dir='ltr'>opibus</span> 
     </span>
     <span class='ocr_line' id='line_1_12' title="bbox 381 1856 1551 1940; baseline -0.004 -18"><span class='ocrx_word' id='word_1_87' title='bbox 381 1857 513 1940; x_wconf 91' lang='lat' dir='ltr'>spoliati</span> <span class='ocrx_word' id='word_1_88' title='bbox 546 1863 669 1923; x_wconf 90' lang='lat' dir='ltr'>essent.</span> <span class='ocrx_word' id='word_1_89' title='bbox 715 1857 819 1940; x_wconf 88' lang='lat' dir='ltr'>Atque</span> <span class='ocrx_word' id='word_1_90' title='bbox 849 1856 929 1922; x_wconf 93' lang='lat' dir='ltr'>haec</span> <span class='ocrx_word' id='word_1_91' title='bbox 959 1857 1058 1922; x_wconf 88' lang='lat' dir='ltr'>verba</span> <span class='ocrx_word' id='word_1_92' title='bbox 1086 1863 1167 1936; x_wconf 74' lang='lat' dir='ltr'>„rur</span> <span class='ocrx_word' id='word_1_93' title='bbox 1194 1876 1228 1932; x_wconf 81' lang='grc' dir='ltr'>γε</span> <span class='ocrx_word' id='word_1_94' title='bbox 1261 1859 1443 1916; x_wconf 76' lang='grc' dir='ltr'><em>πεισάντων</em></span> <span class='ocrx_word' id='word_1_95' title='bbox 1473 1877 1551 1917; x_wconf 85' lang='grc' dir='ltr'><em>κατ-</em></span> 
     </span>
     <span class='ocr_line' id='line_1_13' title="bbox 351 1963 1552 2047; baseline 0.006 -25"><span class='ocrx_word' id='word_1_96' title='bbox 351 1974 355 1981; x_wconf 82' lang='grc'>’</span> <span class='ocrx_word' id='word_1_97' title='bbox 381 1963 544 2039; x_wconf 85' lang='grc' dir='ltr'><em>ε’γνωσαν“</em></span> <span class='ocrx_word' id='word_1_98' title='bbox 565 1969 728 2047; x_wconf 84' lang='lat' dir='ltr'>pertinent</span> <span class='ocrx_word' id='word_1_99' title='bbox 749 1964 788 2028; x_wconf 94' lang='lat' dir='ltr'>ad</span> <span class='ocrx_word' id='word_1_100' title='bbox 808 1963 998 2047; x_wconf 87' lang='lat' dir='ltr'>Epicratem,</span> <span class='ocrx_word' id='word_1_101' title='bbox 1023 1963 1234 2040; x_wconf 70' lang='lat' dir='ltr'>Andocidem,</span> <span class='ocrx_word' id='word_1_102' title='bbox 1252 1963 1453 2042; x_wconf 82' lang='lat' dir='ltr'>Eubulidem</span> <span class='ocrx_word' id='word_1_103' title='bbox 1474 1963 1552 2030; x_wconf 85' lang='lat' dir='ltr'>Cra-</span> 
     </span>
     <span class='ocr_line' id='line_1_14' title="bbox 377 2063 1552 2153; baseline 0.001 -18"><span class='ocrx_word' id='word_1_104' title='bbox 377 2063 496 2150; x_wconf 75' lang='lat' dir='ltr'>tinum</span> <span class='ocrx_word' id='word_1_105' title='bbox 532 2073 587 2153; x_wconf 88' lang='lat' dir='ltr'>qui</span> <span class='ocrx_word' id='word_1_106' title='bbox 623 2088 710 2135; x_wconf 93' lang='lat' dir='ltr'>anno</span> <span class='ocrx_word' id='word_1_107' title='bbox 741 2070 805 2135; x_wconf 85' lang='grc'>391</span> <span class='ocrx_word' id='word_1_108' title='bbox 840 2070 1084 2135; x_wconf 82' lang='lat' dir='ltr'>Lacedaemone</span> <span class='ocrx_word' id='word_1_109' title='bbox 1118 2073 1238 2135; x_wconf 87' lang='lat' dir='ltr'>reversi</span> <span class='ocrx_word' id='word_1_110' title='bbox 1272 2089 1328 2135; x_wconf 93' lang='lat' dir='ltr'>eas</span> <span class='ocrx_word' id='word_1_111' title='bbox 1358 2070 1552 2136; x_wconf 86' lang='lat' dir='ltr'>rettulerunt</span> 
     </span>
     <span class='ocr_line' id='line_1_15' title="bbox 380 2176 1551 2261; baseline 0.001 -19"><span class='ocrx_word' id='word_1_112' title='bbox 380 2176 640 2242; x_wconf 87' lang='lat' dir='ltr'>Atheniensibus</span> <span class='ocrx_word' id='word_1_113' title='bbox 658 2177 878 2257; x_wconf 76' lang='lat' dir='ltr'>condiciones,</span> <span class='ocrx_word' id='word_1_114' title='bbox 903 2196 988 2260; x_wconf 91' lang='lat' dir='ltr'>quas</span> <span class='ocrx_word' id='word_1_115' title='bbox 1005 2196 1093 2242; x_wconf 93' lang='lat' dir='ltr'>anno</span> <span class='ocrx_word' id='word_1_116' title='bbox 1110 2177 1176 2242; x_wconf 90' lang='grc'>386</span> <span class='ocrx_word' id='word_1_117' title='bbox 1193 2185 1397 2261; x_wconf 91' lang='lat' dir='ltr'>acceperunt.</span> <span class='ocrx_word' id='word_1_118' title='bbox 1430 2177 1551 2243; x_wconf 88' lang='lat' dir='ltr'>Notum</span> 
     </span>
     <span class='ocr_line' id='line_1_16' title="bbox 378 2283 1553 2367; baseline -0.001 -17"><span class='ocrx_word' id='word_1_119' title='bbox 378 2289 450 2350; x_wconf 89' lang='lat' dir='ltr'>erat</span> <span class='ocrx_word' id='word_1_120' title='bbox 478 2287 590 2350; x_wconf 91' lang='lat' dir='ltr'>nescio</span> <span class='ocrx_word' id='word_1_121' title='bbox 620 2284 707 2349; x_wconf 92' lang='lat' dir='ltr'>unde</span> <span class='ocrx_word' id='word_1_122' title='bbox 737 2283 870 2349; x_wconf 83' lang='lat' dir='ltr'>Aristidi</span> <span class='ocrx_word' id='word_1_123' title='bbox 902 2287 935 2349; x_wconf 92' lang='lat' dir='ltr'>in</span> <span class='ocrx_word' id='word_1_124' title='bbox 960 2283 1045 2350; x_wconf 91' lang='lat' dir='ltr'>bello</span> <span class='ocrx_word' id='word_1_125' title='bbox 1070 2287 1163 2350; x_wconf 91' lang='lat' dir='ltr'>initio</span> <span class='ocrx_word' id='word_1_126' title='bbox 1189 2283 1310 2349; x_wconf 91' lang='lat' dir='ltr'>saeculi</span> <span class='ocrx_word' id='word_1_127' title='bbox 1335 2286 1442 2367; x_wconf 84' lang='lat' dir='ltr'>quarti</span> <span class='ocrx_word' id='word_1_128' title='bbox 1468 2287 1553 2350; x_wconf 91' lang='lat' dir='ltr'>inter</span> 
     </span>
     <span class='ocr_line' id='line_1_17' title="bbox 381 2389 1552 2474; baseline 0.002 -18"><span class='ocrx_word' id='word_1_129' title='bbox 381 2389 526 2456; x_wconf 84' lang='lat' dir='ltr'>Graecos</span> <span class='ocrx_word' id='word_1_130' title='bbox 556 2398 650 2474; x_wconf 84' lang='lat' dir='ltr'>gesto</span> <span class='ocrx_word' id='word_1_131' title='bbox 680 2410 739 2456; x_wconf 92' lang='lat' dir='ltr'>eos</span> <span class='ocrx_word' id='word_1_132' title='bbox 768 2391 904 2473; x_wconf 85' lang='lat' dir='ltr'>legatos,</span> <span class='ocrx_word' id='word_1_133' title='bbox 934 2392 989 2473; x_wconf 88' lang='lat' dir='ltr'>qui</span> <span class='ocrx_word' id='word_1_134' title='bbox 1015 2410 1052 2456; x_wconf 89' lang='lat' dir='ltr'>ea</span> <span class='ocrx_word' id='word_1_135' title='bbox 1078 2390 1269 2456; x_wconf 88' lang='lat' dir='ltr'>condicione</span> <span class='ocrx_word' id='word_1_136' title='bbox 1294 2410 1407 2474; x_wconf 88' lang='lat' dir='ltr'>pacem</span> <span class='ocrx_word' id='word_1_137' title='bbox 1433 2410 1552 2458; x_wconf 91' lang='lat' dir='ltr'>suase-</span> 
     </span>
     <span class='ocr_line' id='line_1_18' title="bbox 381 2497 1552 2581; baseline 0.003 -19"><span class='ocrx_word' id='word_1_138' title='bbox 381 2503 462 2576; x_wconf 83' lang='lat' dir='ltr'>rant,</span> <span class='ocrx_word' id='word_1_139' title='bbox 492 2516 532 2562; x_wconf 95' lang='lat' dir='ltr'>ne</span> <span class='ocrx_word' id='word_1_140' title='bbox 557 2500 732 2579; x_wconf 89' lang='lat' dir='ltr'>pristinum</span> <span class='ocrx_word' id='word_1_141' title='bbox 759 2500 932 2581; x_wconf 90' lang='lat' dir='ltr'>imperium</span> <span class='ocrx_word' id='word_1_142' title='bbox 963 2503 1197 2580; x_wconf 81' lang='lat' dir='ltr'>recuperarent,</span> <span class='ocrx_word' id='word_1_143' title='bbox 1225 2497 1266 2563; x_wconf 90' lang='lat' dir='ltr'>ab</span> <span class='ocrx_word' id='word_1_144' title='bbox 1292 2497 1552 2565; x_wconf 86' lang='lat' dir='ltr'>Atheniensibus</span> 
     </span>
     <span class='ocr_line' id='line_1_19' title="bbox 377 2603 1553 2690; baseline -0.003 -21"><span class='ocrx_word' id='word_1_145' title='bbox 377 2610 556 2669; x_wconf 85' lang='lat' dir='ltr'>accusatos</span> <span class='ocrx_word' id='word_1_146' title='bbox 574 2622 658 2685; x_wconf 84' lang='lat' dir='ltr'>esse,</span> <span class='ocrx_word' id='word_1_147' title='bbox 683 2606 800 2690; x_wconf 86' lang='lat' dir='ltr'>erravit</span> <span class='ocrx_word' id='word_1_148' title='bbox 816 2611 937 2684; x_wconf 84' lang='lat' dir='ltr'>autem,</span> <span class='ocrx_word' id='word_1_149' title='bbox 954 2603 1042 2688; x_wconf 89' lang='lat' dir='ltr'>quod</span> <span class='ocrx_word' id='word_1_150' title='bbox 1057 2604 1136 2669; x_wconf 93' lang='lat' dir='ltr'>haec</span> <span class='ocrx_word' id='word_1_151' title='bbox 1148 2603 1246 2669; x_wconf 86' lang='lat' dir='ltr'>verba</span> <span class='ocrx_word' id='word_1_152' title='bbox 1268 2611 1349 2686; x_wconf 75' lang='lat' dir='ltr'>„run</span> <span class='ocrx_word' id='word_1_153' title='bbox 1364 2622 1399 2680; x_wconf 80' lang='grc' dir='ltr'>γε</span> <span class='ocrx_word' id='word_1_154' title='bbox 1416 2607 1553 2665; x_wconf 88' lang='grc' dir='ltr'><em>πεισάν-</em></span> 
     </span>
     <span class='ocr_line' id='line_1_20' title="bbox 381 2710 1551 2796; baseline 0.006 -25"><span class='ocrx_word' id='word_1_155' title='bbox 381 2732 445 2772; x_wconf 89' lang='grc' dir='ltr'>των</span> <span class='ocrx_word' id='word_1_156' title='bbox 467 2710 688 2787; x_wconf 81' lang='grc' dir='ltr'><em>κατεγνωσαν“</em></span> <span class='ocrx_word' id='word_1_157' title='bbox 717 2715 760 2777; x_wconf 91' lang='lat' dir='ltr'>ita</span> <span class='ocrx_word' id='word_1_158' title='bbox 785 2714 927 2794; x_wconf 84' lang='lat' dir='ltr'>scripsit,</span> <span class='ocrx_word' id='word_1_159' title='bbox 952 2719 987 2777; x_wconf 94' lang='lat' dir='ltr'>ut</span> <span class='ocrx_word' id='word_1_160' title='bbox 1010 2712 1051 2777; x_wconf 91' lang='lat' dir='ltr'>ad</span> <span class='ocrx_word' id='word_1_161' title='bbox 1077 2731 1188 2796; x_wconf 91' lang='lat' dir='ltr'>pacem</span> <span class='ocrx_word' id='word_1_162' title='bbox 1215 2731 1302 2778; x_wconf 93' lang='lat' dir='ltr'>anno</span> <span class='ocrx_word' id='word_1_163' title='bbox 1319 2712 1385 2776; x_wconf 88' lang='grc'>386</span> <span class='ocrx_word' id='word_1_164' title='bbox 1402 2719 1551 2778; x_wconf 91' lang='lat' dir='ltr'>sanctam</span> 
     </span>
     <span class='ocr_line' id='line_1_21' title="bbox 381 2815 1552 2902; baseline 0.002 -19"><span class='ocrx_word' id='word_1_165' title='bbox 381 2817 549 2883; x_wconf 80' lang='lat' dir='ltr'>referenda</span> <span class='ocrx_word' id='word_1_166' title='bbox 575 2822 650 2884; x_wconf 90' lang='lat' dir='ltr'>sint.</span> <span class='ocrx_word' id='word_1_167' title='bbox 698 2818 809 2884; x_wconf 92' lang='lat' dir='ltr'>Utrum</span> <span class='ocrx_word' id='word_1_168' title='bbox 835 2822 1033 2901; x_wconf 86' lang='lat' dir='ltr'>ignoraverit</span> <span class='ocrx_word' id='word_1_169' title='bbox 1058 2818 1184 2902; x_wconf 83' lang='lat' dir='ltr'>legatos</span> <span class='ocrx_word' id='word_1_170' title='bbox 1208 2815 1285 2885; x_wconf 87' lang='lat' dir='ltr'>anni</span> <span class='ocrx_word' id='word_1_171' title='bbox 1302 2819 1376 2898; x_wconf 81' lang='lat'>391,</span> <span class='ocrx_word' id='word_1_172' title='bbox 1393 2837 1458 2884; x_wconf 94' lang='lat' dir='ltr'>non</span> <span class='ocrx_word' id='word_1_173' title='bbox 1473 2822 1552 2885; x_wconf 89' lang='lat' dir='ltr'>anni</span> 
     </span>
     <span class='ocr_line' id='line_1_22' title="bbox 378 2924 1553 3009; baseline 0.001 -18"><span class='ocrx_word' id='word_1_174' title='bbox 378 2925 447 2991; x_wconf 90' lang='grc'>386</span> <span class='ocrx_word' id='word_1_175' title='bbox 460 2944 534 2991; x_wconf 93' lang='lat' dir='ltr'>reos</span> <span class='ocrx_word' id='word_1_176' title='bbox 546 2924 653 2991; x_wconf 88' lang='lat' dir='ltr'>iactos</span> <span class='ocrx_word' id='word_1_177' title='bbox 666 2944 742 2990; x_wconf 93' lang='lat' dir='ltr'>esse</span> <span class='ocrx_word' id='word_1_178' title='bbox 758 2945 800 2990; x_wconf 90' lang='lat' dir='ltr'>an</span> <span class='ocrx_word' id='word_1_179' title='bbox 818 2944 932 3008; x_wconf 91' lang='lat' dir='ltr'>parum</span> <span class='ocrx_word' id='word_1_180' title='bbox 947 2926 1119 3009; x_wconf 84' lang='lat' dir='ltr'>diligenter</span> <span class='ocrx_word' id='word_1_181' title='bbox 1133 2926 1184 2991; x_wconf 92' lang='lat' dir='ltr'>illa</span> <span class='ocrx_word' id='word_1_182' title='bbox 1202 2925 1300 2991; x_wconf 85' lang='lat' dir='ltr'>uerba</span> <span class='ocrx_word' id='word_1_183' title='bbox 1318 2929 1553 3009; x_wconf 90' lang='lat' dir='ltr'>conscripserit</span> 
     </span>
     <span class='ocr_line' id='line_1_23' title="bbox 382 3032 1555 3116; baseline 0.002 -19"><span class='ocrx_word' id='word_1_184' title='bbox 382 3034 561 3099; x_wconf 92' lang='lat' dir='ltr'>nescimus.</span> <span class='ocrx_word' id='word_1_185' title='bbox 608 3032 814 3098; x_wconf 74' lang='lat' dir='ltr'>Scholiastae</span> <span class='ocrx_word' id='word_1_186' title='bbox 838 3039 947 3099; x_wconf 93' lang='lat' dir='ltr'>autem</span> <span class='ocrx_word' id='word_1_187' title='bbox 973 3039 1041 3098; x_wconf 90' lang='lat' dir='ltr'>erat</span> <span class='ocrx_word' id='word_1_188' title='bbox 1057 3040 1171 3099; x_wconf 94' lang='lat' dir='ltr'>notum</span> <span class='ocrx_word' id='word_1_189' title='bbox 1193 3036 1305 3098; x_wconf 91' lang='lat' dir='ltr'>nescio</span> <span class='ocrx_word' id='word_1_190' title='bbox 1323 3051 1388 3116; x_wconf 89' lang='lat' dir='ltr'>quo</span> <span class='ocrx_word' id='word_1_191' title='bbox 1406 3052 1445 3097; x_wconf 89' lang='lat' dir='ltr'>ex</span> <span class='ocrx_word' id='word_1_192' title='bbox 1461 3032 1555 3099; x_wconf 84' lang='lat' dir='ltr'>tonte</span> 
     </span>
     <span class='ocr_line' id='line_1_24' title="bbox 384 3133 1554 3221; baseline 0.001 -17"><span class='ocrx_word' id='word_1_193' title='bbox 384 3142 417 3204; x_wconf 91' lang='lat' dir='ltr'>in</span> <span class='ocrx_word' id='word_1_194' title='bbox 450 3139 504 3205; x_wconf 91' lang='lat' dir='ltr'>ilio</span> <span class='ocrx_word' id='word_1_195' title='bbox 535 3139 630 3220; x_wconf 85' lang='lat' dir='ltr'>bello,</span> <span class='ocrx_word' id='word_1_196' title='bbox 662 3142 757 3204; x_wconf 90' lang='lat' dir='ltr'>cuius</span> <span class='ocrx_word' id='word_1_197' title='bbox 788 3138 889 3204; x_wconf 83' lang='lat' dir='ltr'>finem</span> <span class='ocrx_word' id='word_1_198' title='bbox 918 3139 995 3204; x_wconf 86' lang='lat' dir='ltr'>iecit</span> <span class='ocrx_word' id='word_1_199' title='bbox 1024 3133 1221 3218; x_wconf 89' lang='lat' dir='ltr'>Antaicidas‚</span> <span class='ocrx_word' id='word_1_200' title='bbox 1251 3138 1430 3221; x_wconf 78' lang='lat' dir='ltr'>Epicratem</span> <span class='ocrx_word' id='word_1_201' title='bbox 1456 3140 1554 3221; x_wconf 85' lang='lat' dir='ltr'>legati</span> 
     </span>
     <span class='ocr_line' id='line_1_25' title="bbox 384 3245 1554 3329; baseline 0.003 -19"><span class='ocrx_word' id='word_1_202' title='bbox 384 3264 518 3311; x_wconf 92' lang='lat' dir='ltr'>munere</span> <span class='ocrx_word' id='word_1_203' title='bbox 546 3245 695 3312; x_wconf 86' lang='lat' dir='ltr'>iunctum</span> <span class='ocrx_word' id='word_1_204' title='bbox 726 3251 916 3312; x_wconf 89' lang='lat' dir='ltr'>accusatum</span> <span class='ocrx_word' id='word_1_205' title='bbox 947 3266 1023 3312; x_wconf 90' lang='lat' dir='ltr'>esse</span> <span class='ocrx_word' id='word_1_206' title='bbox 1052 3245 1093 3311; x_wconf 94' lang='lat' dir='ltr'>ab</span> <span class='ocrx_word' id='word_1_207' title='bbox 1123 3245 1391 3311; x_wconf 89' lang='lat' dir='ltr'>Atheniensibus.</span> <span class='ocrx_word' id='word_1_208' title='bbox 1443 3246 1554 3329; x_wconf 84' lang='lat' dir='ltr'>ltaque</span> 
     </span>
     <span class='ocr_line' id='line_1_26' title="bbox 384 3351 1555 3437; baseline 0.001 -20"><span class='ocrx_word' id='word_1_209' title='bbox 384 3351 538 3419; x_wconf 92' lang='lat' dir='ltr'>Aristidis</span> <span class='ocrx_word' id='word_1_210' title='bbox 567 3353 666 3418; x_wconf 87' lang='lat' dir='ltr'>verba</span> <span class='ocrx_word' id='word_1_211' title='bbox 695 3354 818 3418; x_wconf 93' lang='lat' dir='ltr'>rettulit</span> <span class='ocrx_word' id='word_1_212' title='bbox 846 3354 886 3419; x_wconf 97' lang='lat' dir='ltr'>ad</span> <span class='ocrx_word' id='word_1_213' title='bbox 916 3372 1040 3437; x_wconf 83' lang='lat' dir='ltr'>pacem,</span> <span class='ocrx_word' id='word_1_214' title='bbox 1068 3372 1167 3436; x_wconf 87' lang='lat' dir='ltr'>quam</span> <span class='ocrx_word' id='word_1_215' title='bbox 1198 3354 1318 3418; x_wconf 82' lang='lat' dir='ltr'>trustra</span> <span class='ocrx_word' id='word_1_216' title='bbox 1348 3357 1455 3419; x_wconf 85' lang='lat' dir='ltr'>suasit</span> <span class='ocrx_word' id='word_1_217' title='bbox 1479 3353 1555 3437; x_wconf 89' lang='lat' dir='ltr'>Epi-</span> 
     </span>
     <span class='ocr_line' id='line_1_27' title="bbox 384 3453 1554 3544; baseline -0.003 -20"><span class='ocrx_word' id='word_1_218' title='bbox 384 3466 489 3525; x_wconf 92' lang='lat' dir='ltr'>crates</span> <span class='ocrx_word' id='word_1_219' title='bbox 508 3479 596 3525; x_wconf 91' lang='lat' dir='ltr'>anno</span> <span class='ocrx_word' id='word_1_220' title='bbox 608 3460 683 3539; x_wconf 84' lang='grc'>391,</span> <span class='ocrx_word' id='word_1_221' title='bbox 701 3467 800 3544; x_wconf 89' lang='lat' dir='ltr'>atque</span> <span class='ocrx_word' id='word_1_222' title='bbox 817 3460 995 3544; x_wconf 91' lang='lat' dir='ltr'>adscripsit</span> <span class='ocrx_word' id='word_1_223' title='bbox 1010 3464 1058 3525; x_wconf 93' lang='lat' dir='ltr'>eis</span> <span class='ocrx_word' id='word_1_224' title='bbox 1075 3456 1139 3541; x_wconf 68' lang='lat' dir='ltr'>„sic</span> <span class='ocrx_word' id='word_1_225' title='bbox 1156 3453 1355 3541; x_wconf 75' lang='grc' dir='ltr'><em>Ἐπικράτην</em></span> <span class='ocrx_word' id='word_1_226' title='bbox 1369 3455 1554 3539; x_wconf 69' lang='grc' dir='ltr'><em>αἰνίττεται,</em></span> 
     </span>
     <span class='ocr_line' id='line_1_28' title="bbox 384 3560 1555 3651; baseline 0.006 -26"><span class='ocrx_word' id='word_1_227' title='bbox 384 3560 418 3634; x_wconf 77' lang='grc' dir='ltr'>ὃς</span> <span class='ocrx_word' id='word_1_228' title='bbox 441 3560 572 3626; x_wconf 82' lang='grc' dir='ltr'><em>ἔπεισεν</em></span> <span class='ocrx_word' id='word_1_229' title='bbox 593 3560 786 3647; x_wconf 69' lang='grc' dir='ltr'><em>Ἀθηναίους</em></span> <span class='ocrx_word' id='word_1_230' title='bbox 810 3619 817 3632; x_wconf 82' lang='grc'><strong>.</strong></span> <span class='ocrx_word' id='word_1_231' title='bbox 841 3619 847 3632; x_wconf 83' lang='grc'><em>,</em></span> <span class='ocrx_word' id='word_1_232' title='bbox 872 3619 879 3632; x_wconf 82' lang='grc'><strong>.</strong></span> <span class='ocrx_word' id='word_1_233' title='bbox 902 3566 1059 3635; x_wconf 72' lang='grc' dir='ltr'><em>δέξασθαι</em></span> <span class='ocrx_word' id='word_1_234' title='bbox 1082 3563 1140 3651; x_wconf 75' lang='grc' dir='ltr'>τὴν</span> <span class='ocrx_word' id='word_1_235' title='bbox 1165 3562 1319 3651; x_wconf 76' lang='grc' dir='ltr'><em>εἰρήνην.“</em></span> <span class='ocrx_word' id='word_1_236' title='bbox 1352 3567 1455 3631; x_wconf 77' lang='lat' dir='ltr'>Haec</span> <span class='ocrx_word' id='word_1_237' title='bbox 1480 3569 1555 3649; x_wconf 83' lang='lat' dir='ltr'>igi-</span> 
     </span>
     <span class='ocr_line' id='line_1_29' title="bbox 383 3672 1555 3756; baseline 0.001 -18"><span class='ocrx_word' id='word_1_238' title='bbox 383 3678 445 3738; x_wconf 94' lang='lat' dir='ltr'>tur</span> <span class='ocrx_word' id='word_1_239' title='bbox 474 3692 549 3738; x_wconf 93' lang='lat' dir='ltr'>non</span> <span class='ocrx_word' id='word_1_240' title='bbox 579 3672 744 3739; x_wconf 92' lang='lat' dir='ltr'>obstant</span> <span class='ocrx_word' id='word_1_241' title='bbox 763 3674 1044 3740; x_wconf 89' lang='lat' dir='ltr'>Demosthenis</span> <span class='ocrx_word' id='word_1_242' title='bbox 1074 3678 1189 3756; x_wconf 89' lang='lat' dir='ltr'>atque</span> <span class='ocrx_word' id='word_1_243' title='bbox 1220 3673 1442 3739; x_wconf 85' lang='lat' dir='ltr'>Philochori</span> <span class='ocrx_word' id='word_1_244' title='bbox 1468 3692 1555 3739; x_wconf 88' lang='lat' dir='ltr'>ver-</span> 
     </span>
     <span class='ocr_line' id='line_1_30' title="bbox 384 3779 924 3862; baseline 0.002 -18"><span class='ocrx_word' id='word_1_245' title='bbox 384 3779 460 3859; x_wconf 91' lang='lat' dir='ltr'>bis,</span> <span class='ocrx_word' id='word_1_246' title='bbox 485 3779 631 3862; x_wconf 88' lang='lat' dir='ltr'>quibus</span> <span class='ocrx_word' id='word_1_247' title='bbox 657 3799 728 3847; x_wconf 90' lang='lat' dir='ltr'>nos</span> <span class='ocrx_word' id='word_1_248' title='bbox 753 3783 924 3846; x_wconf 90' lang='lat' dir='ltr'>nitimur.</span> 
     </span>
    </p>

    <p class='ocr_par' dir='ltr' id='par_1_3' title="bbox 327 3886 1562 4398">
     <span class='ocr_line' id='line_1_31' title="bbox 475 3886 1556 3969; baseline 0.004 -18"><span class='ocrx_word' id='word_1_249' title='bbox 475 3886 567 3951; x_wconf 86' lang='lat' dir='ltr'>Nunc</span> <span class='ocrx_word' id='word_1_250' title='bbox 600 3886 640 3951; x_wconf 93' lang='lat' dir='ltr'>ad</span> <span class='ocrx_word' id='word_1_251' title='bbox 672 3888 735 3952; x_wconf 90' lang='lat' dir='ltr'>alia</span> <span class='ocrx_word' id='word_1_252' title='bbox 766 3890 957 3953; x_wconf 90' lang='lat' dir='ltr'>testimonia</span> <span class='ocrx_word' id='word_1_253' title='bbox 985 3893 1127 3952; x_wconf 92' lang='lat' dir='ltr'>transeo.</span> <span class='ocrx_word' id='word_1_254' title='bbox 1179 3886 1210 3950; x_wconf 91' lang='lat' dir='ltr'>ln</span> <span class='ocrx_word' id='word_1_255' title='bbox 1241 3887 1355 3969; x_wconf 82' lang='lat' dir='ltr'>Lysiae</span> <span class='ocrx_word' id='word_1_256' title='bbox 1385 3891 1556 3969; x_wconf 86' lang='lat' dir='ltr'>orationis,</span> 
     </span>
     <span class='ocr_line' id='line_1_32' title="bbox 327 3993 1557 4077; baseline 0.004 -20"><span class='ocrx_word' id='word_1_257' title='bbox 327 4029 331 4034; x_wconf 89' lang='lat'><strong>·</strong></span> <span class='ocrx_word' id='word_1_258' title='bbox 385 4012 470 4077; x_wconf 90' lang='lat' dir='ltr'>quae</span> <span class='ocrx_word' id='word_1_259' title='bbox 495 3998 527 4059; x_wconf 90' lang='lat' dir='ltr'>in</span> <span class='ocrx_word' id='word_1_260' title='bbox 553 3994 731 4076; x_wconf 75' lang='lat' dir='ltr'>Epicratem</span> <span class='ocrx_word' id='word_1_261' title='bbox 756 3998 877 4077; x_wconf 91' lang='lat' dir='ltr'>scripta</span> <span class='ocrx_word' id='word_1_262' title='bbox 902 4000 962 4073; x_wconf 85' lang='lat' dir='ltr'>est,</span> <span class='ocrx_word' id='word_1_263' title='bbox 986 3993 1190 4077; x_wconf 85' lang='lat' dir='ltr'>paragrapho</span> <span class='ocrx_word' id='word_1_264' title='bbox 1206 3996 1300 4059; x_wconf 92' lang='lat' dir='ltr'>tertia</span> <span class='ocrx_word' id='word_1_265' title='bbox 1317 3993 1458 4076; x_wconf 86' lang='lat' dir='ltr'>legimus</span> <span class='ocrx_word' id='word_1_266' title='bbox 1475 3994 1557 4062; x_wconf 88' lang='lat' dir='ltr'>haec</span> 
     </span>
     <span class='ocr_line' id='line_1_33' title="bbox 390 4096 1557 4183; baseline 0.003 -25"><span class='ocrx_word' id='word_1_267' title='bbox 390 4098 462 4180; x_wconf 74' lang='lat' dir='ltr'>„nui</span> <span class='ocrx_word' id='word_1_268' title='bbox 491 4100 526 4160; x_wconf 85' lang='grc' dir='ltr'>οὐ</span> <span class='ocrx_word' id='word_1_269' title='bbox 551 4108 610 4159; x_wconf 79' lang='grc' dir='ltr'>νῦν</span> <span class='ocrx_word' id='word_1_270' title='bbox 633 4098 762 4182; x_wconf 75' lang='grc' dir='ltr'><em>πρῶτον</em></span> <span class='ocrx_word' id='word_1_271' title='bbox 784 4096 951 4182; x_wconf 69' lang='grc' dir='ltr'><em>ὤφθησαν,</em></span> <span class='ocrx_word' id='word_1_272' title='bbox 977 4097 1057 4160; x_wconf 76' lang='grc' dir='ltr'><em>ἀλλὰ</em></span> <span class='ocrx_word' id='word_1_273' title='bbox 1081 4100 1134 4159; x_wconf 86' lang='grc' dir='ltr'>καὶ</span> <span class='ocrx_word' id='word_1_274' title='bbox 1159 4102 1319 4179; x_wconf 83' lang='grc' dir='ltr'><em>πρότερον</em></span> <span class='ocrx_word' id='word_1_275' title='bbox 1342 4098 1450 4180; x_wconf 82' lang='grc' dir='ltr'><em>δώρων</em></span> <span class='ocrx_word' id='word_1_276' title='bbox 1475 4096 1557 4183; x_wconf 78' lang='grc' dir='ltr'><em>ἐκρί-</em></span> 
     </span>
     <span class='ocr_line' id='line_1_34' title="bbox 386 4205 1562 4293; baseline 0.003 -21"><span class='ocrx_word' id='word_1_277' title='bbox 386 4205 520 4288; x_wconf 73' lang='grc' dir='ltr'><em>δησαν.“</em></span> <span class='ocrx_word' id='word_1_278' title='bbox 571 4206 812 4290; x_wconf 82' lang='lat' dir='ltr'>Cognoscimus</span> <span class='ocrx_word' id='word_1_279' title='bbox 843 4211 941 4290; x_wconf 86' lang='lat' dir='ltr'>igitur</span> <span class='ocrx_word' id='word_1_280' title='bbox 971 4210 1035 4272; x_wconf 88' lang='lat' dir='ltr'>iam</span> <span class='ocrx_word' id='word_1_281' title='bbox 1060 4214 1135 4272; x_wconf 92' lang='lat' dir='ltr'>ante</span> <span class='ocrx_word' id='word_1_282' title='bbox 1160 4226 1230 4271; x_wconf 94' lang='lat' dir='ltr'>eam</span> <span class='ocrx_word' id='word_1_283' title='bbox 1257 4226 1401 4287; x_wconf 86' lang='lat' dir='ltr'>causam,</span> <span class='ocrx_word' id='word_1_284' title='bbox 1433 4211 1466 4273; x_wconf 91' lang='lat' dir='ltr'>in</span> <span class='ocrx_word' id='word_1_285' title='bbox 1491 4229 1562 4293; x_wconf 30' lang='lat' dir='ltr'>qua·</span> 
     </span>
     <span class='ocr_line' id='line_1_35' title="bbox 388 4313 1557 4398; baseline 0.003 -20"><span class='ocrx_word' id='word_1_286' title='bbox 388 4314 503 4397; x_wconf 82' lang='lat' dir='ltr'>Lysiae</span> <span class='ocrx_word' id='word_1_287' title='bbox 520 4318 625 4380; x_wconf 88' lang='lat' dir='ltr'>oratio</span> <span class='ocrx_word' id='word_1_288' title='bbox 652 4315 762 4381; x_wconf 89' lang='lat' dir='ltr'>habita</span> <span class='ocrx_word' id='word_1_289' title='bbox 781 4322 840 4395; x_wconf 87' lang='lat' dir='ltr'>est,</span> <span class='ocrx_word' id='word_1_290' title='bbox 857 4315 1037 4398; x_wconf 77' lang='lat' dir='ltr'>Epicratem</span> <span class='ocrx_word' id='word_1_291' title='bbox 1055 4313 1246 4393; x_wconf 76' lang='grc' dir='ltr'><em>δωροδοκίας</em></span> <span class='ocrx_word' id='word_1_292' title='bbox 1262 4322 1452 4380; x_wconf 89' lang='lat' dir='ltr'>accusatum</span> <span class='ocrx_word' id='word_1_293' title='bbox 1470 4334 1557 4382; x_wconf 89' lang='lat' dir='ltr'>esse.</span> 
     </span>
    </p>
   </div>
   <div class='ocr_carea' id='block_1_3' title="bbox 478 4527 1053 4600">
    <p class='ocr_par' dir='ltr' id='par_1_4' title="bbox 478 4527 1053 4600">
     <span class='ocr_line' id='line_1_36' title="bbox 478 4527 1053 4600; baseline -0.002 -15"><span class='ocrx_word' id='word_1_294' title='bbox 478 4527 498 4594; x_wconf 82' lang='lat'>¹)</span> <span class='ocrx_word' id='word_1_295' title='bbox 518 4534 599 4587; x_wconf 87' lang='lat' dir='ltr'>isocr.</span> <span class='ocrx_word' id='word_1_296' title='bbox 621 4534 661 4598; x_wconf 76' lang='lat' dir='ltr'>iu,</span> <span class='ocrx_word' id='word_1_297' title='bbox 683 4535 746 4599; x_wconf 77' lang='lat'>1773</span> <span class='ocrx_word' id='word_1_298' title='bbox 766 4532 946 4587; x_wconf 69' lang='lat' dir='ltr'>&amp;taebeiin</span> <span class='ocrx_word' id='word_1_299' title='bbox 968 4550 993 4600; x_wconf 93' lang='lat' dir='ltr'>p.</span> <span class='ocrx_word' id='word_1_300' title='bbox 1013 4534 1053 4585; x_wconf 88' lang='grc'>61.</span> 
     </span>
    </p>
   </div>
   <div class='ocr_carea' id='block_1_4' title="bbox 0 0 1844 5350">
    <p class='ocr_par' dir='ltr' id='par_1_5' title="bbox 0 0 1844 5350">
     <span class='ocr_line' id='line_1_37' title="bbox 0 0 1844 5350; baseline 0 0"><span class='ocrx_word' id='word_1_301' title='bbox 0 0 1844 5350; x_wconf 95' lang='lat' dir='ltr'> </span> 
     </span>
    </p>
   </div>
  </div>
 </body>
</html>
