3667 5350
827 557 1047 622 ..40-

350 739 469 818 gestas
502 734 758 817 descripserunt,
790 741 916 818 praeter
950 733 1027 800 illud
1060 733 1146 801 bello
1172 733 1295 818 lllyrico
1329 737 1356 800 ei
1390 733 1527 813 illatum,

282 860 287 873 ⁹
351 840 440 925 quod
466 859 498 907 re
523 860 598 907 vera
616 842 765 925 Philippo
791 839 950 908 inflictum
967 841 1008 907 ad
1026 840 1244 907 Alexandrum
1263 859 1369 907 errore
1386 841 1523 906 relatum

351 966 428 1015 esse
445 951 510 1014 veri
529 948 637 1015 simile
654 945 748 1029 est1),
773 951 962 1015 invenimus
980 948 1092 1014 decem
1113 948 1246 1014 vulnera
1268 952 1524 1014 commemorata

352 1073 437 1121 esse.
484 1053 657 1122 Consentit
681 1057 778 1140 igitur
802 1054 973 1139 Didymus,
1005 1059 1059 1139 qui
1089 1058 1222 1139 scripsit
1258 1054 1352 1136 ,δέκα
1375 1056 1434 1135 γάρ
1459 1073 1528 1112 που

351 1159 457 1240 λαβὼν
486 1164 629 1243 καιρίους
658 1159 810 1243 almost
840 1181 913 1228 cum
945 1162 1019 1228 illis.
1067 1162 1178 1246 Neque
1206 1181 1283 1228 vero
1312 1163 1524 1246 cogitaverim

352 1287 426 1335 eunr
465 1272 574 1352 ipsum
606 1271 855 1352 computayisse
887 1272 1042 1353 quotiens
1067 1268 1249 1336 Alexander
1281 1268 1392 1335 laesus
1424 1277 1527 1333 esset.

354 1365 421 1441 lloc
452 1374 539 1458 apud
573 1376 657 1441 alios
689 1384 840 1443 auctores
871 1378 1004 1442 invenit.
1058 1375 1152 1453 Quod
1182 1377 1261 1442 mihi
1291 1374 1462 1450 concedes,
1493 1377 1524 1439 si

319 1468 322 1481 '
353 1480 472 1565 legeris
504 1501 550 1562 ea,
582 1501 666 1566 quae
703 1482 743 1548 de
778 1483 866 1548 illius
899 1483 1091 1549 vulneribus
1116 1478 1250 1566 scripsit
1274 1481 1465 1548 Plutarchus
1491 1484 1526 1545 in

352 1587 650 1655 declamationibus
673 1580 746 1655 suis
771 1588 812 1655 de
828 1588 1001 1656 Alexandri
1028 1588 1167 1657 Fortuna
1193 1588 1401 1673 inscriptis‘2).
1441 1586 1526 1655 Cum

352 1713 430 1762 vero
447 1695 534 1778 apud
549 1694 735 1762 Ciceronem
745 1693 769 1778 8)
787 1696 937 1780 legamus
953 1696 1069 1776 fuisse,
1092 1700 1145 1780 qui
1164 1696 1371 1763 laudationes
1385 1695 1524 1778 Philippi

353 1806 385 1868 et
409 1800 583 1868 Alexandri
609 1802 721 1886 lifagni
752 1805 1032 1886 composuissent,
1064 1803 1215 1887 colligere
1243 1822 1427 1887 possumus
1452 1805 1529 1868 eius

353 1908 441 1975 modi
474 1912 739 1975 enumerationes
774 1927 840 1976 non
872 1910 981 1976 solum
1017 1910 1156 1994 Didymo
1189 1915 1220 1977 et
1253 1910 1432 1989 Plutarcho,
1464 1908 1525 1975 sed

353 2018 451 2082 etiam
476 2016 550 2081 aliis
574 2019 797 2099 grammaticis
822 2023 922 2101 atque
946 2017 1133 2084 rhetoribus
1151 2024 1247 2084 notas
1264 2016 1379 2084 fuisse.
1419 2016 1529 2100 Atque

355 2121 397 2188 ab
437 2122 551 2188 eodem
591 2121 776 2205 Cicerone⁴)
814 2123 976 2191 discimus
1012 2124 1197 2209 Philippum
1234 2144 1307 2190 cum
1340 2122 1529 2190 Alexandro

354 2235 578 2313 comparatum
615 2248 700 2296 esse.
752 2230 863 2315 Neque
898 2234 1075 2316 quisquam
1112 2239 1171 2313 est,
1207 2235 1284 2316 quin
1318 2237 1410 2314 putet
1440 2230 1528 2297 tales

353 2339 617 2420 comparationes
636 2341 697 2403 iam
716 2343 792 2404 ante
809 2337 976 2406 Ciceronis
992 2345 1131 2406 aetatem
1158 2342 1190 2405 in
1215 2339 1381 2406 rhetorum
1399 2337 1529 2404 scholis

353 2446 512 2528 viguisse.
559 2442 699 2520 Quando
728 2451 818 2512 ortae
849 2449 917 2512 sint
945 2447 1008 2513 dici
1035 2466 1101 2514 non
1126 2454 1244 2530 potest.
1291 2444 1356 2512 Sed
1381 2448 1448 2511 veri
1474 2451 1527 2511 est

353 2552 462 2618 simile
494 2570 551 2617 eas
581 2551 684 2617 redire
708 2551 748 2618 ad
776 2552 861 2618 illam
887 2558 1038 2634 aetatem,
1069 2573 1133 2638 qua
1159 2553 1279 2620 infesta
1304 2551 1465 2637 quaedam
1492 2555 1525 2617 in

353 2657 572 2726 Alexandrum
590 2658 811 2726 lilacedonum
828 2659 927 2727 factio
944 2666 1014 2728 orta
1032 2667 1109 2728 erat.
1142 2659 1248 2745 Atque
1265 2663 1369 2746 prima
1386 2661 1528 2743 vestigia

354 2772 466 2833 extant
499 2766 587 2850 apud
618 2766 831 2851 Polybium⁶l
883 2766 964 2835 Cum
993 2788 1011 2835 e
1040 2768 1200 2836 Plutarchi
1230 2767 1528 2834 declamationibus

354 2874 457 2939 conici
487 2876 629 2955 potuerit
657 2872 764 2940 fuisse
792 2880 867 2941 ante
892 2894 967 2941 eum
992 2881 1153 2950 auctores,
1181 2879 1237 2960 qui
1261 2876 1383 2941 multas
1407 2892 1459 2941 res
1484 2873 1528 2939 ab
1606 2900 1611 2908 ·

354 2978 538 3046 Alexandro
562 2985 676 3064 gestas
701 2999 767 3047 non
793 2985 821 3047 ei
846 2984 920 3066 ipsi,
945 2982 1003 3049 sed
1027 2982 1177 3049 fortunae
1194 2981 1432 3049 adiudicandas
1450 2999 1530 3047 esse

354 3091 514 3171 putarent,
543 3087 672 3172 Didymi
702 3088 813 3155 verbis
842 3088 1088 3157 demonstratur
1116 3093 1222 3173 primo
1252 3093 1315 3155 iam
1347 3109 1375 3155 a.
1400 3088 1470 3156 Chr.
1496 3108 1529 3155 n.

355 3194 488 3262 saeculo
513 3194 685 3261 Alexandri
711 3193 876 3262 fortunam
902 3215 976 3262 cum
1002 3197 1140 3281 Philippi
1166 3204 1387 3280 comparatam
1413 3192 1529 3276 esse⁶).

442 3426 529 3492 ilaec
564 3426 676 3499 uerba,
717 3446 800 3511 quae
836 3431 1000 3513 pertinent
1034 3428 1074 3495 ad
1111 3427 1194 3495 bella
1235 3447 1309 3494 curn
1345 3427 1460 3511 lllyriis
1495 3432 1528 3491 et

354 3532 506 3599 Triballis
530 3539 633 3617 gesta,
662 3537 772 3618 magni
798 3538 956 3602 momenti
981 3535 1124 3602 suntad
1150 3554 1208 3602 eas
1231 3538 1376 3601 rationes
1401 3533 1530 3599 intelle-

353 3659 565 3670 -.—-—

445 3711 465 3777 ¹)
485 3716 712 3781 flachstaedt,
730 3717 767 3771 De
781 3716 850 3771 Plut.
865 3718 989 3782 declam,
1006 3734 1076 3786 quae
1090 3725 1157 3772 sunt
1171 3719 1205 3772 de
1217 3716 1294 3771 Alex.
1305 3718 1433 3771 Fortuna.
1457 3716 1528 3769 Diss-

356 3806 444 3860 Berol.
464 3806 542 3870 1895,
562 3822 588 3873 p.
608 3806 651 3859 45.

444 3889 466 3948 ²)
487 3895 554 3949 Plut.
575 3895 612 3948 De
631 3894 707 3949 Alex.
728 3896 800 3950 Port.
821 3895 838 3960 l,
859 3897 883 3961 2,
904 3912 930 3963 p.
949 3898 1052 3962 326&
1074 3898 1103 3962 ll,
1122 3898 1147 3962 9,
1168 3914 1193 3964 p.
1212 3898 1283 3962 3413
1304 3896 1338 3950 cf.
1358 3895 1531 3949 flachstaedt

356 3999 381 4043 o.
400 3984 434 4036 37
454 3999 515 4052 sqq.

445 4066 466 4127 ³)
484 4071 538 4126 Cic.
558 4072 659 4126 defin.
681 4074 709 4139 ll,
729 4075 794 4138 116;
814 4075 848 4128 de
868 4081 938 4128 orat.
959 4074 988 4140 ll,
1007 4076 1068 4129 396.

443 4154 466 4219 ⁴)
485 4160 540 4215 Cic.
560 4162 593 4215 de
613 4161 662 4216 off.
684 4162 701 4228 l,
721 4163 763 4228 90,
785 4165 830 4217 ubi
852 4165 1023 4231 inspicienda
1045 4172 1087 4219 est
1106 4166 1191 4220 Beieri
1211 4166 1367 4220 adnotatio.

444 4241 466 4309 5)
486 4250 582 4317 Polyb.
601 4250 676 4316 XXH,
696 4253 738 4316 18,
758 4253 806 4313 10;
827 4252 865 4318 lll,
885 4254 910 4318 6,
930 4256 955 4307 5.
993 4252 1033 4308 Cf.
1052 4257 1135 4309 etiam
1156 4256 1196 4310 W.
1215 4256 1376 4320 Hoffmann,
1402 4255 1455 4308 Das
1475 4253 1530 4307 litt.

357 4339 442 4394 Portr.
463 4338 640 4404 Alexanders,
660 4341 725 4394 diss.
746 4342 816 4408 lips.
836 4342 906 4396 1907
926 4359 952 4410 p.
972 4345 1014 4408 88,
1034 4346 1059 4398 3.

445 4419 466 4489 ⁶)
487 4429 524 4482 De
544 4428 587 4481 illa
608 4428 755 4496 συγκρίσει,
776 4447 858 4499 quam
879 4433 996 4500 legimus
1016 4435 1091 4502 apud
1112 4435 1176 4488 lust.
1198 4435 1237 4500 lX,
1257 4436 1282 4500 8,
1308 4435 1464 4489 accuratius
1483 4436 1530 4502 egi

356 4520 383 4570 ln
403 4533 467 4585 pag·
487 4519 521 4571 72
541 4535 601 4587 sqq.
