3667 5350
801 614 1021 679 ...14-

322 809 402 856 esse
431 792 611 856 multatos?
658 790 773 856 Nonne
797 791 908 857 obstat
933 791 984 857 hic
1009 792 1102 857 iocus
1131 791 1314 873 isocratis¹)
1346 791 1496 870 ,διὸκαὶ

324 903 389 956 τῶν
412 900 678 977 πρεσβευσάντων
701 901 822 980 ταύτην
845 896 903 982 τὴν
927 894 1057 982 εἰρήνην
1080 894 1139 979 (sc.
1160 917 1188 962 a.
1204 897 1282 978 386)
1305 897 1435 967 δικαίως
1454 891 1497 958 ἂν

323 1010 566 1084 κατηγοροῖμεν,
603 1003 652 1064 ὅτι
684 1007 895 1084 πεμφθέντες
929 1005 995 1064 ὑπὸ
1029 1006 1090 1063 των
1119 997 1281 1089 Ἑλλήνων
1318 1003 1401 1084 ὑπὲρ
1435 1013 1496 1064 τῶν

322 1112 494 1192 βαρβάρων
518 1105 715 1194 ἐποιήσαντο
739 1110 795 1180 τὰς
818 1111 1027 1195 001603αὲ3
1073 1112 1185 1188 Quem,
1211 1130 1400 1196 quanquam
1427 1132 1495 1179 non

324 1225 452 1301 spectat
476 1218 517 1283 ad
535 1218 785 1284 Atheniensium
810 1219 903 1284 c010s
922 1219 1059 1302 legatos,
1083 1221 1115 1282 in
1138 1218 1197 1282 hac
1215 1221 1371 1297 oratione,
1395 1239 1494 1303 quam

325 1344 392 1391 000
425 1325 528 1391 multo
561 1332 639 1409 post
672 1344 784 1409 pacem
817 1324 937 1390 iactam
971 1328 1178 1408 conscripsit,
1206 1325 1437 1391 vehementius
1462 1330 1494 1391 in

324 1432 577 1498 Atheniensium
607 1432 734 1515 legatos
759 1437 963 1498 invecturum
987 1431 1094 1498 iuisse
1117 1451 1176 1515 pro
1205 1440 1293 1497 certo
1318 1432 1433 1507 habeo,
1465 1437 1494 1498 si

326 1559 360 1605 re
389 1559 466 1606 vera
497 1542 541 1605 rei
575 1540 650 1605 iacti
682 1547 804 1605 essent.
859 1540 1019 1622 lnspicias
1048 1557 1173 1623 quaeso
1201 1545 1306 1604 totum
1341 1539 1495 1606 Aristidis

324 1648 433 1713 locum
466 1666 566 1729 supra
600 1646 779 1712 laudatum.
833 1646 919 1712 Nihil
949 1646 1036 1711 aliud
1066 1645 1172 1711 dicere
1201 1646 1329 1711 studuit
1354 1647 1405 1712 iiie
1430 1650 1494 1712 nisi

323 1754 546 1820 Athenienses
569 1759 638 1818 tum
665 1754 796 1819 demum
823 1772 935 1837 pacem
953 1752 1082 1827 iecisse,
1106 1772 1180 1817 cum
1200 1753 1357 1818 omnibus
1373 1753 1495 1836 opibus

326 1861 459 1943 spoliati
491 1867 614 1926 essent.
660 1860 765 1944 Atque
795 1860 874 1926 haec
903 1859 1003 1925 verba
1031 1866 1113 1938 ,τῶν
1139 1878 1174 1935 γε
1207 1861 1389 1919 πεισάντων»
1419 1879 1496 1919 κατ-

326 1967 490 2042 ε’γνωσαν1
510 1972 674 2050 pertinent
694 1968 735 2031 ad
754 1966 944 2050 Epicratem,
968 1965 1180 2041 Andocidem,
1198 1966 1399 2043 Eubulidem
1420 1965 1496 2032 Cra·

324 2077 443 2151 tinum,
477 2077 532 2156 qui
569 2091 656 2138 anno
687 2073 751 2138 391
786 2073 1030 2139 Lacedaemone
1065 2076 1185 2138 reversi
1218 2093 1275 2139 eas
1304 2073 1497 2138 rettulerunt

326 2180 586 2246 Atheniensibus
603 2180 824 2255 condiciones,
849 2199 934 2263 quas
950 2198 1039 2245 anno
1056 2180 1122 2245 386
1139 2188 1343 2264 acceperunt.
1376 2180 1495 2246 Notum

324 2293 395 2354 erat
424 2291 536 2353 nescio
566 2288 653 2352 unde
683 2287 816 2352 Aristidi
848 2290 880 2352 in
906 2287 991 2353 beiio
1016 2290 1109 2353 initio
1134 2287 1256 2353 saeculi
1281 2290 1388 2371 quarti
1414 2291 1497 2352 inter

327 2393 472 2460 Graecos
501 2401 597 2476 gesto
626 2413 685 2460 eos
715 2395 850 2476 Legatos,
879 2396 935 2476 qui
961 2414 998 2459 ea
1023 2393 1216 2459 condicione
1240 2413 1353 2477 pacem
1378 2413 1497 2459 suase-

327 2506 408 2579 rant,
437 2519 478 2564 ne
502 2503 678 2583 pristinum
704 2503 877 2584 imperium
907 2506 1143 2584 recuperarent,
1171 2500 1213 2566 ab
1238 2500 1497 2567 Atheniensibus

325 2613 502 2672 accusatos
519 2625 604 2687 esse,
628 2610 746 2672 erravit
762 2615 882 2687 autem,
899 2608 988 2692 quod
1003 2607 1083 2672 haec
1094 2608 1193 2672 verba
1214 2615 1295 2688 ,τῶν
1310 2625 1345 2683 γε
1362 2609 1498 2667 πεισάν-

327 2735 391 2774 των
413 2713 634 2791 κατέγνωσαν“
663 2718 706 2779 113
731 2718 873 2797 scripsit
898 2721 933 2781 ut
956 2715 997 2780 ad
1023 2734 1134 2799 pacem
1160 2733 1249 2781 anno
1265 2715 1331 2779 386
1347 2720 1496 2780 sanctam

327 2820 495 2886 referenda
520 2825 596 2886 sint.
643 2821 756 2887 Utrum
781 2825 980 2904 ignoraverit
1004 2823 1130 2905 Legatos
1154 2818 1231 2888 anni
1248 2822 1322 2900 391,
1339 2840 1403 2887 000
1419 2825 1497 2887 3001

325 2928 393 2993 386
406 2946 480 2994 reos
493 2927 599 2994 iactos
612 2947 688 2994 esse
704 2947 746 2993 an
764 2948 877 3012 parum
893 2929 1065 3012 diiigenter
1078 2929 1130 2994 illa
1147 2929 1245 2995 verba
1264 2932 1499 3012 conscripserit

328 3037 507 3102 nescimus.
554 3035 760 3101 Scholiastae
784 3042 893 3102 autern
919 3043 987 3101 erat
1004 3042 1118 3101 notum
1139 3039 1334 3120 nescioquo
1352 3033 1499 3101 exfonte

330 3145 362 3207 in
396 3141 450 3207 iiio
481 3141 576 3223 bello,
608 3145 703 3208 cuius
734 3142 836 3207 finem
864 3142 942 3208 iecit
970 3142 1168 3221 Antalcidas,
1197 3142 1375 3225 Epicratem
1401 3142 1498 3225 legati

329 3268 464 3314 munere
493 3249 641 3315 iunctum
672 3255 862 3315 accusatum
893 3269 970 3315 esse
998 3249 1039 3314 ab
1069 3248 1337 3315 Atheniensibus.
1389 3249 1499 3333 itaque

330 3354 484 3421 Aristidis
513 3356 612 3421 verba
641 3356 764 3422 rettulit
792 3356 832 3421 ad
863 3376 986 3440 pacem,
1015 3376 1112 3440 quam
1144 3357 1264 3422 frustra
1293 3359 1401 3421 suasit
1424 3356 1500 3440 Epi-

329 3470 436 3528 crates
454 3482 542 3529 3000
554 3463 629 3542 391,
647 3469 746 3548 atque
763 3463 941 3547 adscripsit
956 3467 1004 3529 eis
1021 3460 1085 3544 ,εἰς
1102 3457 1301 3544 Ἐπικράτην
1315 3459 1500 3543 αἰνίττεται,

330 3564 363 3638 ὃς
387 3563 518 3630 ἔπεισεν
539 3563 732 3651 Ἀθηναίους
756 3622 763 3635 .
787 3622 794 3635 .
819 3622 825 3635 ,
849 3568 1005 3639 δέξασθαι
1028 3566 1086 3653 τὴν
1111 3565 1265 3654 εἶρήν·ην,“
1299 3570 1400 3635 Haec
1425 3572 1500 3652 igi-

329 3683 391 3741 tur
420 3695 495 3741 000
525 3676 690 3743 obstant
710 3677 990 3743 Demosthenis
1020 3683 1136 3760 atque
1166 3676 1388 3742 Phiiochori
1413 3695 1500 3741 ver-

331 3782 406 3862 bis,
431 3782 578 3866 quibus
602 3802 674 3849 nos
699 3786 870 3849 nitimur.

421 3889 513 3955 Nunc
546 3890 586 3955 ad
619 3890 681 3955 alia
713 3894 902 3956 testimonia
931 3896 1074 3956 transeo.
1125 3888 1157 3953 10
1188 3889 1302 3972 Lysiae
1331 3893 1501 3971 orationis,

273 4033 276 4037 ·
331 4014 415 4080 quae
441 4000 473 4061 in
499 3996 677 4079 Epicratem
703 4001 824 4080 scripta
849 4004 907 4075 est,
932 3997 1137 4080 paragrapho
1152 4000 1246 4062 tertia
1263 3997 1403 4079 Legimus
1421 3997 1502 4063 haec

336 4102 409 4183 „uui
436 4103 473 4164 οὐ
497 4110 556 4162 νῦν
579 4101 708 4184 πρῶτον
730 4099 897 4185 ὤφθησαν,
924 4100 1003 4163 ἀλλὰ
1027 4103 1081 4162 καὶ
1105 4106 1265 4183 πρότερον
1288 4101 1396 4183 δώρων
1420 4098 1503 4184 ἐκρί-

332 4208 466 4291 θησαν.“
517 4208 759 4293 Cognoscimus
789 4214 887 4293 igitur
917 4214 981 4275 iam
1006 4218 1081 4275 ante
1106 4230 1177 4275 eam
1203 4229 1347 4288 causam,
1380 4213 1411 4275 iu
1437 4230 1507 4295 qua⁸

334 4316 449 4400 Lysiae
466 4320 571 4383 oratio
598 4318 709 4384 habita
727 4324 787 4398 est,
804 4318 983 4402 Epicratem
1001 4316 1192 4397 δωροδοκίας
1208 4325 1398 4382 accusatum
1416 4336 1502 4384 esse.

424 4530 445 4597 ¹)
464 4536 545 4590 lsocr.
567 4536 607 4601 LV,
629 4538 692 4602 1773
712 4536 892 4589 8133031ἰο
914 4553 939 4602 p.
960 4538 1000 4589 61.
