3667 5350
806 596 1030 661 -50-.

330 780 394 840 θεν
411 775 589 849 Βυζάντιον
605 770 790 858 ἐπολιόρκει
805 771 860 834 καὶ
875 773 1096 856 μηχανώματα
1117 770 1293 855 πρσςῆγσν“
1304 768 1337 856 1),
1377 771 1508 848 Quibus

331 884 443 952 verbis
460 884 523 950 hoc
538 882 759 966 fragmentum
777 880 864 964 apud
878 879 1055 964 Didymum
1073 885 1240 946 servatum
1258 877 1506 962 adiungendum

332 996 392 1058 est.
438 989 532 1067 Quod
567 989 748 1073 Dionysius
781 986 1103 1066 halicarnassensis,
1136 1005 1326 1070 quanquam
1363 984 1510 1070 loquitur

332 1098 373 1164 de
406 1096 492 1164 bello
525 1099 609 1163 inter
632 1095 854 1171 Athenienses
887 1097 919 1159 et
943 1093 1127 1178 Philippum
1153 1098 1234 1175 orto,
1266 1091 1346 1158 nihil
1372 1092 1508 1176 protulit

332 1203 373 1270 de
397 1203 540 1270 navibus
564 1201 605 1268 ad
624 1202 745 1267 llieron
770 1202 885 1285 captis,
910 1218 977 1265 non
1001 1198 1182 1279 miraberis,
1206 1218 1280 1265 eum
1306 1201 1394 1265 scias
1415 1197 1507 1263 illum

333 1310 413 1377 nihil
438 1311 754 1377 commemoravisse
778 1309 842 1373 nisi
872 1303 930 1388 ,τὰ
955 1302 1257 1387 ἀναγκαιόταταη).
1379 1346 1381 1351 -

410 1575 445 1643 4.
468 1570 521 1644 lie
544 1570 762 1659 Theopompi
787 1568 999 1658 Philippicon
1023 1567 1187 1640 librorum
1211 1565 1415 1639 lllrlll-lrlll

813 1675 1027 1764 lrapmentis.

421 1819 571 1897 Quonam
597 1838 636 1885 ex
660 1817 743 1884 libro
771 1814 982 1877 Φιλιππικῶν
1005 1820 1138 1900 sumpta
1164 1818 1232 1882 sint
1249 1834 1286 1882 ea
1301 1816 1507 1905 Theopompi

332 1926 441 2007 verba,
461 1945 547 2011 quae
563 1926 705 2009 legimus
731 1927 763 1990 in
785 1922 855 1989 Did.
872 1923 931 1989 col.
948 1923 1000 2003 10,
1024 1922 1076 2003 40,
1101 1922 1175 1988 licet
1198 1942 1361 2006 quaerere.
1401 1925 1509 2010 Atque

332 2052 372 2099 ex
416 2033 499 2099 libro
535 2032 615 2098 xlv
658 2037 745 2097 extat
783 2029 1005 2113 fragmentum
1049 2025 1161 2110 238³),
1205 2030 1261 2095 ubi
1304 2035 1510 2117 vituperatur

333 2138 464 2207 Chares.
500 2138 595 2216 Quod
620 2157 687 2204 non
712 2137 761 2202 ad
778 2156 902 2203 annum
928 2136 993 2202 338
1017 2135 1223 2202 referendum
1242 2156 1326 2220 esse,
1351 2144 1386 2205 ut
1403 2140 1509 2206 voluit

332 2242 577 2327 Wichersius⁸l,
601 2247 665 2310 iam
690 2242 773 2309 vidit
794 2242 931 2310 Carolus
947 2239 1124 2327 inpellat).
1161 2244 1197 2312 st
1221 2263 1299 2311 vero
1316 2249 1509 2329 quaerimus

332 2372 431 2438 quam
449 2352 492 2420 ob
510 2371 577 2418 rem
590 2351 805 2436 Theopompo
823 2350 875 2416 ille
891 2350 990 2417 luerit
1005 2349 1242 2435 obiurgandus,
1260 2355 1510 2420 meminerimus

333 2479 407 2526 eum
439 2478 528 2526 anno
561 2455 709 2527 3431342
740 2463 923 2542 praetorem
957 2460 988 2523 in
1021 2460 1101 2523 mari
1128 2459 1263 2525 Thracio
1291 2465 1459 2526 versatum
1489 2481 1509 2526 a

332 2566 481 2651 Philippo
514 2570 716 2632 commotum
749 2583 835 2644 esse,
867 2569 902 2629 ut
925 2564 1121 2631 Thasiorum
1152 2565 1314 2646 exulibus,
1346 2569 1401 2650 qui
1432 2585 1506 2633 cum

333 2674 388 2742 illo
412 2675 565 2755 fecerant,
589 2676 789 2758 permitteret
814 2671 950 2738 domum
976 2668 1120 2747 redire⁴l
1160 2672 1266 2758 atque
1289 2676 1414 2758 optime
1432 2693 1512 2741 con·
1611 2687 1613 2691 ’

332 2785 419 2866 gruit
456 2799 529 2847 cum
567 2779 682 2846 ordine
718 2786 904 2865 temporum
938 2778 1094 2845 librorum
1127 2779 1217 2846 ordo.
1272 2780 1353 2846 Nam
1388 2780 1511 2847 bellum

332 2887 516 2969 Thracium,
545 2887 632 2972 quod
668 2891 775 2953 ortum
809 2892 861 2953 est
885 2886 925 2952 ol.
950 2886 1024 2967 109,
1048 2886 1068 2951 2
1091 2882 1132 2968 (a.
1155 2884 1244 2969 342),
1272 2886 1512 2973 Theopompus

332 2994 426 3061 libris
464 2994 623 3060 XLVI—l
663 2991 880 3079 descripsit⁶).
943 2993 988 3059 De
1027 2993 1159 3060 llermia
1199 3005 1324 3077 autem,
1370 2994 1510 3081 Philippi

332 3105 434 3184 socio,
458 3104 514 3186 qui
540 3106 659 3186 captus
683 3107 736 3167 est
759 3100 943 3166 altlentore
966 3119 1056 3166 anno
1072 3097 1260 3185 341l3400),
1285 3105 1352 3186 egit
1376 3105 1408 3168 in
1427 3101 1513 3168 libro

332 3207 432 3273 XLVl.
500 3207 584 3274 libri
632 3207 735 3274 XLVll
778 3212 878 3274 restat
913 3206 1156 3296 vfragmentum
1206 3207 1272 3273 247
1321 3228 1348 3275 a.
1397 3209 1512 3294 Steph.

334 3314 407 3398 Byz.
431 3312 493 3395 (ed.
516 3314 616 3381 lllein.
641 3315 659 3395 l,
683 3334 713 3399 p.
737 3314 815 3391 137)
839 3313 995 3380 traditum
1022 3307 1165 3396 ,²tnot,
1191 3308 1309 3384 ἔθνος.
1329 3367 1335 3379 .
1352 3364 1358 3378 .
1376 3311 1443 3377 ἔστι
1456 3316 1512 3377 καὶ

332 3419 418 3503 χώρα
428 3417 613 3491 Βυζαντίων
626 3421 668 3490 ὡς
679 3421 883 3498 Θεόπομπος
895 3413 931 3480 ἐν
943 3422 1181 3505 τεσσαρακοστῇ
1197 3416 1346 3509 ἕβδόμῃ“,
1377 3422 1512 3509 Spectat

424 3632 443 3696 ¹)
464 3637 585 3691 Philoch.
609 3637 708 3705 fragm.
729 3639 781 3691 135
804 3632 841 3696 (Γ.
856 3638 887 3691 Η.
903 3637 934 3692 G.
955 3638 963 3691 l
989 3654 1015 3705 p.
1034 3639 1101 3704 406,
1132 3639 1211 3693 Dion.
1231 3639 1317 3693 llalic.
1344 3641 1385 3693 ed.
1407 3640 1481 3696 u-R.
1503 3642 1511 3694 l

333 3746 360 3797 p.
380 3729 441 3792 272,
466 3724 520 3785 17).
563 3727 707 3780 machinas
735 3727 794 3781 illas
823 3734 1040 3781 construxerunt
1068 3728 1200 3796 Polyidus
1219 3728 1368 3782 Thessalus
1397 3731 1511 3797 eiusque

334 3817 461 3885 discipuli
481 3816 581 3870 Diades
601 3822 628 3870 et
648 3815 770 3871 Charias.
807 3815 978 3881 Wescher,
1006 3817 1121 3871 Poliorc.
1141 3833 1167 3884 p.
1187 3817 1230 3882 10,
1251 3818 1359 3880 Diels.
1378 3818 1512 3872 laterculi

333 3904 511 3960 Alexandrini
541 3921 566 3959 a.
590 3921 613 3960 e.
638 3906 762 3973 Papyrus
791 3908 905 3973 ptolem.
930 3906 997 3959 Zeit.
1034 3905 1152 3975 llbhdlg.
1182 3906 1208 3959 d.
1236 3906 1302 3960 Berl.
1327 3905 1411 3961 head.
1432 3909 1512 3973 1904,

335 3995 386 4049 col.
406 3995 430 4060 8,
450 3996 482 4059 5;
502 3995 527 4060 8,
548 3997 590 4048 12.

424 4077 447 4143 ²)
466 4084 546 4137 Dion.
557 4084 643 4137 Halic.
655 4085 696 4138 ed.
709 4083 783 4140 U.-R.
795 4084 804 4136 l
818 4100 844 4151 p.
855 4085 915 4149 272,
936 4086 970 4137 17
987 4074 1079 4149 ,θήσω
1093 4076 1121 4135 ἐξ
1134 4078 1219 4148 αὐτῆς
1229 4076 1262 4131 τὰ
1272 4077 1511 4150 ἅναγκαιότατ(ι“.

422 4163 444 4233 ³)
464 4172 492 4226 f.
504 4172 535 4226 ll.
550 4171 580 4226 G.
602 4174 610 4226 l
630 4189 657 4240 p.
675 4174 736 4226 318.

422 4254 445 4322 ⁴)
463 4260 641 4328 &chaelon
661 4262 677 4315 l.
698 4278 720 4315 c.
741 4256 768 4315 1²
787 4277 814 4329 p.
832 4262 898 4328 318;
918 4262 1005 4315 schol·
1027 4263 1100 4318 Dem.
1117 4263 1170 4330 Vll,
1191 4266 1233 4318 15.

423 4341 444 4410 ὅ)
463 4348 624 4415 Mueller,
645 4350 671 4405 1².
685 4351 717 4405 ll.
731 4350 763 4405 G.
785 4351 792 4403 l
813 4367 839 4418 p.
858 4352 1016 4418 319-3213
1037 4352 1070 4405 lV
1092 4369 1117 4420 p.
1137 4354 1197 4407 645.

423 4432 446 4498 ⁹)
466 4440 526 4493 Did.
545 4440 596 4493 col.
609 4439 784 4506 4,6o-5,21;
805 4439 945 4505 Koerte,
965 4442 995 4495 N.
1010 4441 1060 4497 Rh.
1074 4441 1146 4495 ltlus.
1161 4442 1208 4499 tx,
1228 4443 1306 4508 1905,
1326 4459 1353 4511 p.
1366 4442 1428 4508 390,
1448 4444 1510 4497 301.

332 4527 513 4583 Staehelin
533 4543 560 4595 p.
580 4528 730 4583 141-145.
