3667 5350
819 602 1035 668 ..49-

336 800 402 848 non
420 780 529 848 solum
547 777 739 853 Perinthios,
757 778 815 844 sed
834 782 933 846 etiam
950 780 1127 864 Byzantios
1144 800 1162 847 a
1179 782 1329 869 Philippo
1346 785 1510 854 obsessos

332 906 420 967 esse,
444 905 518 953 cum
540 902 644 951 naves
667 890 868 969 caperentur.
908 885 1062 970 Idemque
1083 892 1173 972 patet
1194 909 1233 955 ex
1250 890 1379 975 Didymi
1397 894 1509 960 verbis

332 994 407 1078 (col.
431 993 482 1074 10,
513 989 667 1074 35-47),
701 1011 799 1076 quem
832 994 911 1058 mihi
944 1012 1142 1077 persuasum
1176 1001 1228 1063 est
1256 997 1318 1063 hoc
1346 998 1418 1065 loco
1443 1018 1508 1066 non

333 1121 434 1170 suum
470 1103 577 1184 ipsius
610 1097 765 1164 iudicium
799 1098 956 1183 prolerre,
988 1099 1048 1166 sed
1081 1105 1175 1185 sequi
1210 1103 1510 1182 Demosthenemll.

334 1209 440 1293 litque
464 1210 588 1292 optime
612 1208 772 1289 congruit,
796 1204 886 1289 quod
903 1205 1024 1272 llieron
1042 1211 1305 1292 promonturium
1328 1229 1394 1278 non
1412 1211 1509 1296 longe

301 1372 302 1377 ,
331 1317 436 1382 distat
463 1333 482 1380 a
507 1313 671 1397 Byzantio,
701 1317 736 1378 ut
766 1313 854 1378 illius
884 1313 1005 1379 milites
1030 1313 1124 1381 lacile
1148 1321 1180 1382 et
1203 1316 1350 1383 celeriter
1372 1337 1412 1384 eo
1436 1338 1509 1402 per-

331 1425 444 1489 venire
468 1424 617 1506 possent.
664 1418 757 1495 Quod
785 1437 887 1484 naves
911 1418 1144 1488 frumentariae
1169 1440 1284 1489 mense
1301 1422 1432 1489 Octobri
1457 1426 1508 1492 vel

333 1527 509 1596 Novembri
545 1525 654 1591 reduci
691 1523 888 1606 solebanti),
924 1532 1072 1610 apertum
1110 1534 1162 1594 est
1194 1528 1359 1595 bellum
1394 1533 1509 1598 inter

331 1634 631 1702 Athenienses
665 1637 704 1697 et
728 1630 980 1716 Philippum
1013 1640 1150 1699 ortum
1184 1653 1282 1701 esse
1311 1636 1392 1702 sub
1423 1641 1509 1704 ini-

332 1745 438 1809 tium
463 1740 622 1805 hiemis
646 1741 745 1804 anni
771 1736 927 1818 34011339.

420 1864 509 1942 Quae
527 1883 601 1930 cum
620 1865 663 1928 ita
677 1865 753 1941 sint,
766 1867 902 1947 apparet
916 1881 983 1928 non
997 1870 1082 1930 recte
1098 1863 1300 1932 iudicavisse
1313 1866 1508 1950 Nitschium,

333 1976 388 2057 qui
406 1977 508 2057 putat,
532 1970 611 2035 dum
629 1988 647 2034 a
665 1969 814 2054 Philippo
834 1968 1019 2052 Selymbria
1041 1969 1258 2053 obsideretur,
1283 1973 1358 2039 belli
1377 1977 1506 2041 initium

330 2080 454 2146 lactum
493 2095 586 2157 esse,
633 2075 692 2142 sed
739 2075 1055 2142 confirmatam
1099 2096 1201 2144 esse
1239 2085 1507 2148 sententiam

331 2184 559 2255 Schaeleri
593 2188 633 2249 et
666 2181 976 2267 rromayenn,
1007 2186 1063 2267 qui
1092 2180 1409 2254 'demonstraverunt
1436 2193 1506 2254 tum

331 2294 474 2372 demum,
508 2310 582 2357 cum
613 2288 739 2356 linibus
771 2289 903 2356 violatis
936 2290 1145 2374 navibusque
1177 2292 1218 2357 ad
1243 2292 1364 2358 llieron
1401 2297 1507 2379 captis

330 2399 552 2466 Athenienses
583 2395 691 2462 allecti
724 2401 838 2462 essent
866 2414 1000 2462 summo
1030 2396 1239 2478 detrimento,
1275 2399 1399 2466 bellum
1430 2419 1506 2468 esse

328 2517 447 2573 ortum.

420 2630 526 2716 Atque
554 2648 571 2696 e
595 2629 848 2697 Philochori
877 2629 1026 2696 verbis
1057 2630 1410 2699 concludendum
1436 2651 1485 2700 es

331 2738 577 2823 Philippum
606 2739 855 2821 perrexisse
880 2737 1122 2821 Byzantios
1146 2738 1365 2807 obsidere.
1412 2740 1503 2825 Legi-

328 2865 406 2913 mus
430 2848 519 2911 enim
544 2847 576 2909 in
602 2844 661 2911 col.
685 2844 736 2924 11,
760 2844 781 2909 3
814 2849 898 2925 ,μοῖς
922 2842 1027 2915 ξύλοις
1049 2838 1163 2931 ἐχρῆτο
1186 2845 1269 2927 πρὸς
1291 2844 1331 2908 τὰ
1354 2848 1505 2929 μηχανώ-

324 2972 416 3031 μαοο
451 2950 507 3011 καὶ
537 2952 625 3011 σίτου
656 2951 712 3012 καὶ
745 2952 869 3032 βυρσῶν
899 2951 955 3011 καὶ
986 2954 1158 3034 χρημάτων
1189 2950 1318 3014 πολλῶν
1349 2947 1504 3040 ἐγκρατὴς

326 3057 485 3138 ipsuum.
525 3057 707 3125 Notissima
732 3065 783 3124 est
808 3058 860 3124 illa
879 3058 1024 3142 Byzantii
1050 3059 1207 3126 obsessio
1225 3060 1405 3144 multisque
1423 3060 1505 3128 locis

325 3170 401 3233 eius
422 3168 546 3231 mentio
561 3165 643 3246 lit⁴).
675 3164 712 3230 lit
729 3164 782 3230 illa
798 3165 1019 3247 μηχανώμοτα
1036 3173 1293 3232 commemorata
1311 3174 1390 3233 sunt
1407 3171 1504 3234 etiam

327 3276 361 3341 in
387 3271 569 3340 Philochori
586 3271 772 3356 fragmento
792 3271 856 3338 135
874 3290 891 3338 e
908 3277 1004 3338 sexto
1029 3271 1112 3339 libro
1136 3278 1281 3356 sumpto,
1306 3274 1361 3339 ubi
1387 3273 1506 3340 tradita

326 3385 441 3447 extant
472 3379 553 3446 haec
585 3374 814 3462 „Oeoppooroc
838 3372 1011 3459 Ἀλλαιεύς,
1043 3371 1100 3438 ἐπὶ
1129 3372 1245 3439 τούτου
1273 3378 1442 3450 Φίλιππος
1470 3374 1502 3440 π’

323 3484 388 3568 μὲν
400 3492 531 3569 πρῶτον
547 3481 756 3554 ἀναπλεύσας
772 3486 926 3568 Περίνθῳ
940 3483 1149 3567 προςὲβαλεο,
1163 3482 1338 3563 ἀποτυχὼν
1353 3480 1383 3547 d’
1395 3480 1505 3548 ἐντεῦ-

417 3751 439 3815 ¹)
460 3757 569 3810 Praeter
595 3755 790 3808 Demosthenis
814 3760 885 3808 orat.
910 3754 945 3808 de
965 3770 1021 3808 cor.
1041 3755 1103 3808 hab.
1124 3748 1140 3816 ἓ
1159 3756 1194 3808 73
1214 3762 1241 3809 et
1260 3749 1276 3817 ἓ
1296 3756 1348 3809 139
1373 3757 1505 3823 inspicias

324 3862 431 3916 quaeso
451 3838 466 3907 §
486 3846 520 3899 87
548 3844 670 3898 eiusdem
691 3849 761 3898 orat,
789 3835 901 3909 „s'tspov
929 3833 999 3889 κατὰ
1021 3844 1067 3906 τῆς
1089 3837 1193 3896 πόλεως
1213 3835 1399 3910 ἐπιτειχισμὸν
1419 3836 1506 3909 ἐζήτει

324 3927 399 4001 ὁρῶν
417 3923 486 3981 δ’ὅτι
505 3931 572 4000 σίτῳ
589 3922 700 3979 πάντων
719 3921 874 3994 ἀνθρώπων
893 3928 1009 3997 πλείστῳ
1019 3922 1146 3997 χρώμεθ’
1160 3923 1319 3999 ἑπειςιίκτῳ,
1338 3924 1505 3999 βουλόμενος

327 4025 375 4088 τῆς
393 4020 576 4089 σιτοπομπίας
594 4012 688 4085 κύριος
707 4010 867 4086 γενέσθαι.“

415 4124 437 4190 'l
456 4129 644 4194 Schaeler‚
674 4130 690 4182 l.
720 4146 743 4182 c.
769 4123 807 4182 11²
831 4145 857 4197 p.
886 4129 948 4193 501,
973 4130 997 4182 2.
1036 4128 1109 4182 ldem
1135 4128 1192 4182 lere
1218 4129 1322 4183 iudicat
1342 4130 1503 4196 Foucart‚

325 4222 343 4275 1.
364 4236 386 4274 c.
407 4235 433 4287 p.
453 4221 513 4274 176-

414 4317 437 4387 ³)
456 4325 640 4390 &chaelon
654 4327 670 4380 l.
685 4341 707 4380 c.
725 4314 763 4379 ll⁹
777 4341 803 4393 p.
817 4326 878 4382 501,
892 4341 919 4393 p.
935 4288 996 4379 510.
1025 4326 1230 4394 Kromayer,
1244 4323 1344 4378 Antike
1358 4323 1503 4378 &chlacht-

324 4416 551 4482 fflmpm
1505 4443 1507 4447 ·

414 4514 436 4579 ⁴)
455 4520 625 4576 Schaeler
661 4524 676 4575 l.
698 4538 720 4576 c.
741 4512 782 4575 11²
801 4538 826 4589 p.
846 4523 898 4575 503
918 4537 978 4590 sqq.

1325 4629 1342 4681 4
