3667 5350
849 586 1070 651 ..10-

377 783 465 831 anno
490 763 636 830 392391
662 763 770 830 tuisse
794 766 946 829 iuvenem
972 782 1037 829 non
1063 769 1116 829 est
1140 763 1355 846 improbabile
1380 781 1453 828 eum
1477 768 1550 828 tum

380 877 532 937 secutum
572 889 647 937 esse
683 873 910 937 anctoritatem
943 867 1129 953 avuncull1)
1165 870 1303 954 rigyrrhi
1340 868 1551 954 Collytensis‚

376 998 474 1062 quem
501 979 565 1044 illis
589 976 797 1061 temporibus
821 996 952 1044 summa
978 979 1010 1042 in
1035 996 1069 1043 re
1093 977 1223 1062 publica
1241 979 1432 1043 auctoritate
1450 995 1547 1042 nsum

376 1105 453 1152 esse
477 1086 640 1151 discimus
670 1103 743 1150 cum
775 1103 814 1150 ex
842 1084 916 1150 aliis
940 1087 1143 1150 testimoniis
1168 1090 1238 1150 tum
1263 1084 1327 1150 lroc
1346 1083 1551 1149 Ecclesiazu-

376 1213 487 1259 sarum
513 1188 619 1274 locoi)

602 1310 649 1395 ,Ἀ
669 1320 689 1379 ri
729 1337 776 1385 ιος
800 1369 806 1382 ,
832 1369 837 1382 ,
863 1369 869 1382 ,
894 1369 900 1382 .

595 1336 762 1505 anvfpo',
789 1423 875 1505 ὁρᾷς,
901 1425 1040 1505 πράττει
1061 1421 1101 1484 τὰ
1125 1418 1246 1502 μέγιστ’
1271 1417 1306 1483 ἓν
1329 1425 1369 1507 τῇ
1391 1420 1513 1485 notem

740 1741 769 1811 b)
789 1740 831 1798 De
851 1740 989 1808 Epicrate
1010 1739 1181 1808 eepnisieo.

464 1888 556 1954 Unus
586 1907 626 1954 ex
655 1889 781 1972 legatis,
810 1907 897 1971 qnos
927 1886 1147 1953 Athenienses
1176 1888 1337 1953 suadente
1362 1885 1550 1951 Callistrato

378 2014 467 2062 anno
483 1994 547 2060 391
568 1998 600 2061 in
621 1996 751 2061 exilium
771 1998 941 2075 miserunt,
965 1995 1028 2060 luit
1044 1995 1210 2078 Epicrates
1228 1993 1432 2077 Cephisias,
1447 2012 1547 2077 quem

374 2103 516 2169 eundem
549 2122 625 2169 esse
659 2107 919 2187 constatatque
948 2102 1140 2186 Epicratem,
1177 2104 1228 2167 cui
1260 2107 1329 2167 erat
1361 2119 1545 2184 cognomen

375 2205 608 2292 oexemoaoei).
656 2209 713 2275 Cui
748 2209 916 2275 Platonem
952 2212 1114 2274 comicum
1149 2213 1180 2275 in
1212 2207 1332 2285 fabula,
1364 2227 1448 2292 quae
1478 2212 1546 2272 erat

373 2319 531 2401 inscripta
551 2318 712 2397 Πρέσβεις,
739 2316 887 2382 illusisse
912 2334 951 2381 ex
976 2319 1025 2382 eis
1042 2312 1269 2399 fragmentis⁴l
1294 2321 1437 2399 apparet,
1461 2332 1549 2398 quae

373 2423 426 2490 lric
452 2429 647 2506 sequuntur.
694 2423 799 2508 Atque
824 2423 966 2506 legimus
992 2426 1024 2488 in
1048 2423 1164 2506 fragm.
1188 2422 1253 2487 119

552 2548 630 2646 Κᾷτ“
657 2557 773 2642 ἔλαβον
794 2558 991 2646 Ἐπικράτης
1015 2583 1049 2625 τε
1072 2562 1127 2624 καὶ
1154 2564 1328 2644 Φορμίσιος

549 2668 640 2755 παρὰ
664 2678 721 2732 τοῦ
745 2669 897 2752 βασιλέως
922 2669 1058 2733 πλεῖστα
1082 2669 1339 2766 δωροδοκήματα,

549 2777 693 2858 ὀξύβαφα
717 2783 817 2861 χρυσᾶ
841 2776 896 2839 καὶ
919 2779 1131 2848 πινακίσκους
1154 2773 1319 2860 ἀργυροῦς,

373 2924 403 2987 in
429 2921 546 3006 fragm.
570 2922 635 2987 120

549 3064 695 3132 κυάθοις
719 3062 812 3132 ὁόονς
836 3056 1036 3146 ἐκλεπτέτην
1059 3058 1221 3142 ἑκάστοτε,

372 3209 405 3271 in
431 3206 545 3290 lragm.
569 3207 633 3272 121

546 3351 701 3431 σκευάρια
724 3345 759 3434 δὴ
786 3346 909 3431 κλέψας
933 3342 1114 3433 ἀπεκήρνξ’
1139 3348 1292 3429 ἐκφέρων,

372 3494 404 3557 in
430 3490 546 3575 fragm.
569 3491 634 3557 124

460 3636 590 3716 χαίρεις,
615 3624 715 3715 οἶμαι,
739 3636 1005 3711 μεταπεττεύσας
1030 3633 1128 3694 αὐτὸν
1151 3631 1392 3712 διακλιμακίσας
1414 3652 1459 3714 τε,

461 3740 492 3801 εἶ
540 3741 719 3823 ὑπηνόβιον
743 3743 996 3824 σπαρτιοχαίτην
1018 3733 1261 3823 ῥυποκόνδνλον
1284 3737 1504 3821 ἑλκετρίβωνα.

459 4021 481 4089 ¹)
502 4028 576 4082 Dem.
605 4028 692 4095 lllllV,
721 4029 781 4082 135.
829 4028 867 4081 De
889 4027 1042 4082 Andocidis
1066 4036 1092 4083 et
1117 4029 1236 4097 Agyrrhi
1263 4033 1413 4085 inimicitiis
1433 4034 1543 4100 cogitat

371 4119 518 4171 foucart
538 4112 577 4184 (ρ.
598 4118 658 4183 169,
677 4114 714 4176 3).

458 4215 478 4285 ²)
498 4223 580 4278 Arist.
601 4223 703 4278 Eccles.
724 4225 783 4277 104.

457 4323 478 4393 ⁸)
499 4332 667 4389 Kirchner
698 4325 875 4400 (Prosopogr.
906 4330 969 4386 Atte
993 4332 1036 4385 llr.
1065 4332 1135 4387 4859
1164 4333 1182 4398 l,
1211 4349 1237 4401 p.
1261 4336 1329 4401 321;
1358 4335 1386 4400 ll,
1419 4352 1445 4402 p.
1464 4330 1541 4400 457),

368 4421 551 4476 Staehelin
571 4414 599 4481 (l.
620 4436 642 4474 c.
663 4437 689 4488 p.
709 4418 762 4479 55).
1104 4433 1106 4435 ’

455 4520 476 4589 ⁶)
496 4528 598 4582 Comic.
619 4525 676 4581 ntt.
697 4527 802 4596 fragm.
823 4528 865 4581 ed.
886 4527 976 4584 Kock
996 4528 1013 4594 l,
1034 4545 1059 4596 p.
1080 4529 1141 4593 632,
1161 4529 1260 4598 fragm.
1280 4532 1429 4585 119-127.
