3667 5350
880 585 1094 650 „12-

396 783 491 845 τερον
527 762 604 846 πρὶν
639 758 789 843 ἔγνωσαν,
825 762 876 823 ὅτι
908 761 946 822 οὔ
976 766 1079 840 μόνον
1110 761 1384 839 Λακεδαιμονίοις
1420 759 1489 841 ἅμα
1520 763 1582 824 καὶ

396 869 525 951 βασιλεῖ
553 869 607 931 καὶ
638 873 748 957 Σεύθη
779 868 833 930 καὶ
865 870 1026 950 Διονυσίῳ
1060 867 1113 929 καὶ
1145 866 1419 950 Πελοποννησίοις
1453 866 1580 953 ἀνάγκη

397 976 563 1060 πολεμεῖν,
594 971 670 1038 ἐπεὶ
694 975 777 1059 πρὸς
799 980 894 1036 τοῦτό
920 994 954 1052 γε
984 974 1131 1060 ὑπῆρχον
1155 978 1463 1057 παρεσκευασμένοι,
1494 974 1579 1039 Mu

275 1153 277 1158 ¹
395 1083 541 1153 καὶτοῖς
564 1085 741 1162 συμμάχοις
764 1089 832 1152 ταῖς
855 1075 1018 1164 σφετέροις
1035 1083 1149 1145 αὐτῶν,
1173 1080 1255 1141 οὕτω
1273 1081 1504 1164 προύδόθησαν
1519 1085 1579 1146 καὶ

396 1185 466 1251 οὐδ’
489 1189 588 1260 ουίως
612 1188 755 1259 ἁπάσαις
778 1196 849 1260 ταῖς
880 1189 1002 1274 ψήφοις
1025 1188 1216 1268 ὑπέμειναν,
1247 1185 1326 1249 ἀλλὰ
1356 1198 1420 1248 τῶν
1443 1209 1476 1267 γε
1502 1209 1578 1252 πει-

396 1300 521 1359 σάντων
544 1295 775 1379 κατέγνωσαν,“
809 1297 933 1382 quibus
962 1296 1073 1362 verbis
1103 1295 1283 1362 scholiasta
1313 1296 1393 1362 haec
1422 1296 1579 1382 adiecit1)

405 1401 469 1487 ,είς
500 1399 696 1489 Ἐπικράτην
731 1400 917 1484 αἰνίττεται,
955 1397 989 1473 ὃς
1024 1397 1155 1464 ἔπεισεν
1179 1396 1374 1486 Ἀθηναίους
1404 1397 1446 1465 δι’
1470 1401 1579 1487 ἅσπερ

390 1509 490 1602 ,ἴσμεν
516 1507 621 1580 αἰτίας
643 1510 799 1582 δέξασθαι
821 1506 881 1595 νην
905 1506 1062 1596 είρήνην.“

451 1598 557 1684 „Huc
585 1618 719 1697 accedit,
752 1618 840 1702 quod
871 1621 968 1684 etiarn
999 1618 1113 1702 Lysiae
1143 1619 1293 1682 oratione
1320 1616 1363 1681 27
1395 1617 1436 1683 de
1468 1637 1575 1684 causa

397 1725 540 1810 quadam
558 1721 717 1808 Epicratis
741 1728 856 1807 agitur,
881 1724 922 1790 de
939 1744 1004 1809 qua
1021 1723 1104 1789 intra
1122 1743 1197 1790 sum
1215 1724 1428 1791 disserturus.
1454 1724 1573 1809 Neque

396 1836 545 1899 omittam
576 1831 861 1916 Hagesandrum²)
892 1838 923 1897 et
955 1828 1195 1911 Plutarchum³l
1230 1849 1360 1896 narrare
1390 1831 1576 1914 Epicratem

396 1937 588 2021 δωροδοκίας
604 1944 805 2018 accusatum,
826 1939 914 2022 quod
933 1940 1062 2022 legatus
1080 1939 1121 2003 ad
1135 1956 1244 2020 regern
1258 1938 1429 2003 Persarum
1445 1941 1578 2005 missus

399 2048 499 2114 donis
525 2054 701 2130 corruptus
725 2051 824 2126 esset,
849 2045 907 2111 sed
933 2045 1124 2112 absolutum
1149 2065 1234 2112 esse.
1281 2047 1375 2131 Apud
1401 2045 1578 2112 Philocho-

398 2174 470 2220 rum
496 2160 605 2219 autern
631 2153 772 2237 legimus
798 2171 872 2217 eum
898 2171 972 2218 cum
998 2152 1072 2217 aliis
1096 2154 1214 2237 legatis
1231 2172 1319 2219 anno
1339 2152 1399 2218 391
1420 2154 1578 2236 Spartam

399 2264 514 2327 missis
540 2260 730 2326 inexilium
756 2262 894 2325 eiectum
921 2278 1006 2325 esse.
1067 2332 1071 2338 ⁴

488 2366 568 2434 Cum
599 2373 647 2433 tot
679 2369 887 2433 testimoniis¹
913 2368 1157 2450 componamus
1186 2366 1367 2450 Epicratem
1401 2386 1580 2448 παραπρε.

404 2476 512 2554 σβείας
535 2479 727 2540 accusatum
752 2493 837 2554 esse,
861 2481 971 2539 tamen
996 2473 1082 2556 apud
1099 2472 1183 2539 alios
1200 2479 1351 2540 auctores
1375 2493 1450 2540 eum
1474 2474 1580 2541 abso-

400 2583 505 2648 lutum
531 2581 683 2665 legimus,
706 2580 794 2664 apud
820 2581 903 2646 alios
928 2599 1002 2645 eum
1028 2579 1219 2646 damnatum
1245 2599 1330 2646 esse.
1377 2580 1482 2665 Atque
1504 2581 1579 2646 Pla-

400 2693 490 2756 tonis
518 2688 711 2773 fragmenta,
745 2688 979 2754 Demosthenis
1013 2687 1130 2767 locum,
1162 2688 1317 2754 hristidis
1347 2692 1581 2770 narrationem,

400 2796 553 2863 scholion
579 2796 656 2861 huic
680 2795 854 2874 adiectum,
879 2795 959 2860 haec
983 2798 1094 2860 omnia
1118 2795 1161 2860 ad
1187 2813 1303 2878 pacem
1321 2814 1410 2861 anno
1426 2795 1492 2860 386
1510 2796 1580 2861 rin-

401 2904 520 2970 talcida
551 2910 682 2969 auctore
711 2901 831 2968 factam
860 2908 959 2986 atque
988 2902 1028 2967 ad
1059 2920 1131 2967 eam
1156 2902 1362 2985 legationem,
1387 2922 1452 2986 qua
1477 2903 1579 2987 paulo

401 3017 477 3078 ante
505 3010 700 3095 perfunctus
736 3017 827 3076 esset
856 3009 1037 3092 Epicrates,
1071 3011 1233 3093 pertinere
1262 3009 1370 3075 adhuc
1397 3012 1456 3074 viri
1488 3010 1577 3075 docti

401 3114 638 3202 putaverunt⁴).
686 3115 766 3182 Cum
792 3115 845 3181 his
869 3122 979 3181 autern
996 3118 1202 3182 testimoniis
1220 3116 1392 3182 contendit
1413 3116 1467 3182 ille
1484 3117 1580 3183 locus

401 3224 644 3303 Philochoreus‚
677 3242 716 3289 ex
747 3242 814 3307 quo
846 3229 982 3307 apparet
1012 3223 1192 3306 Epicratem
1224 3242 1313 3289 anno
1344 3223 1408 3288 391
1438 3223 1581 3290 Athenis

401 3332 539 3417 fugisse.
586 3330 697 3415 Neque
722 3333 809 3396 enim
834 3336 915 3414 puto
941 3329 1002 3396 hoc
1026 3330 1099 3397 loco
1115 3330 1344 3397 Philochorum
1370 3328 1580 3414 erravisse⁶).

402 3440 451 3505 An
476 3442 654 3524 quisquam
680 3438 782 3504 credit
806 3437 906 3518 illurn,
931 3441 986 3522 qui
1004 3457 1092 3504 anno
1109 3438 1172 3503 391
1192 3439 1458 3519 παραπρεσβείας
1481 3455 1581 3504 accu-

305 3556 310 3563 '
402 3554 498 3612 satus
532 3549 564 3611 in
598 3546 730 3611 exilium
763 3547 887 3612 eiectus
920 3551 979 3625 est,
1014 3545 1112 3628 paulo
1144 3552 1222 3628 post
1252 3551 1440 3611 revocatum
1470 3551 1504 3611 et
1533 3548 1580 3611 ita

404 3654 601 3721 honoratum
634 3671 720 3734 esse,
752 3660 788 3718 ut
820 3652 930 3719 denuo
962 3656 991 3719 ei
1024 3652 1198 3736 legationis
1235 3671 1357 3718 munus
1389 3651 1581 3725 deterretur.

402 3769 500 3846 atque
528 3760 589 3827 hac
617 3747 784 3844 legatione
815 3760 1024 3843 perfunctum
1051 3763 1166 3826 iterum
1193 3760 1458 3842 παραπρεσβείας
1481 3778 1580 3825 accu-

492 3974 500 4002 ¹
532 3977 572 4032 Cl.
593 3994 655 4047 pag.
677 3979 718 4042 11,
738 3980 763 4031 5.

491 4062 502 4093 ¹
533 4067 704 4135 liegesandri
724 4066 823 4135 fragm.
842 4067 867 4133 7,
888 4066 913 4120 E.
934 4067 966 4121 li.
987 4066 1018 4121 G.
1039 4068 1081 4131 lV,
1101 4083 1127 4134 p.
1140 4067 1201 4121 414.

491 4147 503 4183 ³
536 4157 604 4211 Plut.
625 4157 716 4223 Pelop.
736 4157 780 4210 30.

491 4236 511 4304 4ί
532 4246 560 4300 ln
581 4248 676 4313 primis
696 4245 826 4300 laudandi
845 4251 911 4299 sunt
931 4246 1052 4312 lheyer
1071 4240 1184 4301 (Gesch.
1204 4246 1229 4299 d.
1249 4243 1344 4299 hltert.
1361 4244 1391 4309 V,
1403 4260 1429 4310 p.
1440 4244 1502 4308 268,
1517 4244 1581 4309 307,

397 4331 475 4400 310),
496 4336 621 4390 Beloch
641 4330 759 4396 (Griech.
780 4334 879 4388 Gesch.
900 4334 928 4399 ll,
943 4332 1014 4400 232),
1035 4335 1209 4392 Kirchner
1227 4332 1405 4401 (Prosopogr.
1420 4329 1581 4391 murmur.

490 4416 513 4484 ὗ)
533 4425 619 4479 lmmo
648 4441 715 4479 vero
744 4441 806 4478 eum
835 4426 1043 4478 accuratissime
1072 4441 1151 4478 usum
1181 4440 1242 4477 esse
1270 4424 1381 4477 decreto
1411 4424 1438 4476 in
1469 4424 1582 4491 legatos

401 4516 507 4581 scripto
527 4530 611 4582 supra
632 4515 862 4568 commemoravi.
