<?xml version="1.0" encoding="UTF-8"?>
<!DOCTYPE html PUBLIC "-//W3C//DTD XHTML 1.0 Transitional//EN"
    "http://www.w3.org/TR/xhtml1/DTD/xhtml1-transitional.dtd">
<html xmlns="http://www.w3.org/1999/xhtml" xml:lang="en" lang="en">
 <head>
  <title>
</title>
<meta http-equiv="Content-Type" content="text/html;charset=utf-8" />
  <meta name='ocr-system' content='tesseract 3.04.00' />
  <meta name='ocr-capabilities' content='ocr_page ocr_carea ocr_par ocr_line ocrx_word'/>
</head>
<body>
  <div class='ocr_page' id='page_1' title='image "./studiadidymeahi00florgoog_0072.png"; bbox 0 0 3667 5350; ppageno 0'>
   <div class='ocr_carea' id='block_1_1' title="bbox 821 604 1044 671">
    <p class='ocr_par' dir='ltr' id='par_1_1' title="bbox 821 604 1044 671">
     <span class='ocr_line' id='line_1_1' title="bbox 821 604 1044 671; baseline 0.013 -23"><span class='ocrx_word' id='word_1_1' title='bbox 821 604 1044 671; x_wconf 63' lang='lat'>„02-</span> 
     </span>
    </p>
   </div>
   <div class='ocr_carea' id='block_1_2' title="bbox 341 779 1532 4067">
    <p class='ocr_par' dir='ltr' id='par_1_2' title="bbox 346 779 1532 1294">
     <span class='ocr_line' id='line_1_2' title="bbox 348 779 1530 867; baseline -0.001 -22"><span class='ocrx_word' id='word_1_2' title='bbox 348 782 601 866; x_wconf 81' lang='grc' dir='ltr'><strong><em>Φιλόμηλος...</em></strong></span> <span class='ocrx_word' id='word_1_3' title='bbox 623 779 764 844; x_wconf 81' lang='grc' dir='ltr'><strong><em>ἑαυτὸν</em></strong></span> <span class='ocrx_word' id='word_1_4' title='bbox 784 782 1100 867; x_wconf 77' lang='grc' dir='ltr'><strong><em>κατεκρήμνισε“,</em></strong></span> <span class='ocrx_word' id='word_1_5' title='bbox 1125 783 1212 867; x_wconf 83' lang='lat' dir='ltr'>apud</span> <span class='ocrx_word' id='word_1_6' title='bbox 1231 783 1392 850; x_wconf 85' lang='lat' dir='ltr'>lustinum</span> <span class='ocrx_word' id='word_1_7' title='bbox 1409 792 1530 852; x_wconf 82' lang='lat' dir='ltr'>autem</span> 
     </span>
     <span class='ocr_line' id='line_1_3' title="bbox 350 889 1529 974; baseline 0.003 -18"><span class='ocrx_word' id='word_1_8' title='bbox 350 890 570 973; x_wconf 81' lang='lat' dir='ltr'>„Philomelus</span> <span class='ocrx_word' id='word_1_9' title='bbox 610 894 774 974; x_wconf 88' lang='lat' dir='ltr'>primus</span> <span class='ocrx_word' id='word_1_10' title='bbox 811 893 924 955; x_wconf 89' lang='lat' dir='ltr'>inter</span> <span class='ocrx_word' id='word_1_11' title='bbox 959 889 1284 957; x_wconf 79' lang='lat' dir='ltr'>confertissimos</span> <span class='ocrx_word' id='word_1_12' title='bbox 1322 891 1529 960; x_wconf 79' lang='lat' dir='ltr'>dimicans</span> 
     </span>
     <span class='ocr_line' id='line_1_4' title="bbox 346 996 1532 1081; baseline 0.003 -19"><span class='ocrx_word' id='word_1_13' title='bbox 346 996 526 1064; x_wconf 87' lang='lat' dir='ltr'>cecidlt“.</span> <span class='ocrx_word' id='word_1_14' title='bbox 573 996 684 1081; x_wconf 83' lang='lat' dir='ltr'>Neque</span> <span class='ocrx_word' id='word_1_15' title='bbox 708 1015 786 1063; x_wconf 88' lang='lat' dir='ltr'>vero</span> <span class='ocrx_word' id='word_1_16' title='bbox 811 1015 972 1081; x_wconf 82' lang='lat' dir='ltr'>negemus</span> <span class='ocrx_word' id='word_1_17' title='bbox 997 1015 1063 1062; x_wconf 93' lang='lat' dir='ltr'>non</span> <span class='ocrx_word' id='word_1_18' title='bbox 1089 1016 1165 1063; x_wconf 90' lang='lat' dir='ltr'>esse</span> <span class='ocrx_word' id='word_1_19' title='bbox 1190 999 1413 1063; x_wconf 76' lang='lat' dir='ltr'>necessarlum</span> <span class='ocrx_word' id='word_1_20' title='bbox 1441 998 1532 1065; x_wconf 89' lang='lat' dir='ltr'>haec</span> 
     </span>
     <span class='ocr_line' id='line_1_5' title="bbox 346 1090 1532 1189; baseline 0.002 -20"><span class='ocrx_word' id='word_1_21' title='bbox 346 1105 460 1169; x_wconf 85' lang='lat' dir='ltr'>verba·</span> <span class='ocrx_word' id='word_1_22' title='bbox 478 1090 572 1183; x_wconf 72' lang='lat' dir='ltr'>„dole</span> <span class='ocrx_word' id='word_1_23' title='bbox 601 1105 644 1187; x_wconf 74' lang='grc' dir='ltr'>τῷ</span> <span class='ocrx_word' id='word_1_24' title='bbox 675 1101 960 1185; x_wconf 37' lang='grc' dir='ltr'><strong><em>δαιμονίῳ-δίκαις</em></strong></span> <span class='ocrx_word' id='word_1_25' title='bbox 994 1107 1026 1168; x_wconf 91' lang='lat' dir='ltr'>et</span> <span class='ocrx_word' id='word_1_26' title='bbox 1053 1104 1233 1187; x_wconf 88' lang='lat' dir='ltr'>,sacrilegii</span> <span class='ocrx_word' id='word_1_27' title='bbox 1259 1122 1384 1187; x_wconf 87' lang='lat' dir='ltr'>poenas</span> <span class='ocrx_word' id='word_1_28' title='bbox 1418 1106 1532 1189; x_wconf 88' lang='lat' dir='ltr'>impio</span> 
     </span>
     <span class='ocr_line' id='line_1_6' title="bbox 346 1208 1123 1294; baseline -0.001 -18"><span class='ocrx_word' id='word_1_29' title='bbox 346 1212 510 1294; x_wconf 91' lang='lat' dir='ltr'>sanguine</span> <span class='ocrx_word' id='word_1_30' title='bbox 535 1208 612 1276; x_wconf 88' lang='lat' dir='ltr'>lult“</span> <span class='ocrx_word' id='word_1_31' title='bbox 641 1213 706 1276; x_wconf 90' lang='lat' dir='ltr'>uni</span> <span class='ocrx_word' id='word_1_32' title='bbox 732 1228 809 1275; x_wconf 88' lang='lat' dir='ltr'>esse</span> <span class='ocrx_word' id='word_1_33' title='bbox 833 1212 957 1276; x_wconf 89' lang='lat' dir='ltr'>auctori</span> <span class='ocrx_word' id='word_1_34' title='bbox 983 1212 1123 1293; x_wconf 90' lang='lat' dir='ltr'>propria.</span> 
     </span>
    </p>

    <p class='ocr_par' dir='ltr' id='par_1_3' title="bbox 341 1315 1531 3854">
     <span class='ocr_line' id='line_1_7' title="bbox 434 1315 1527 1400; baseline 0.001 -17"><span class='ocrx_word' id='word_1_35' title='bbox 434 1317 499 1384; x_wconf 75' lang='lat' dir='ltr'>Sed</span> <span class='ocrx_word' id='word_1_36' title='bbox 534 1335 712 1400; x_wconf 86' lang='lat' dir='ltr'>pergamus</span> <span class='ocrx_word' id='word_1_37' title='bbox 745 1315 786 1381; x_wconf 91' lang='lat' dir='ltr'>ad</span> <span class='ocrx_word' id='word_1_38' title='bbox 820 1319 1005 1400; x_wconf 89' lang='lat' dir='ltr'>proximum</span> <span class='ocrx_word' id='word_1_39' title='bbox 1040 1322 1145 1400; x_wconf 90' lang='lat' dir='ltr'>caput.</span> <span class='ocrx_word' id='word_1_40' title='bbox 1202 1315 1303 1383; x_wconf 86' lang='lat' dir='ltr'>Culus</span> <span class='ocrx_word' id='word_1_41' title='bbox 1337 1319 1468 1383; x_wconf 89' lang='lat' dir='ltr'>initium</span> <span class='ocrx_word' id='word_1_42' title='bbox 1505 1339 1527 1384; x_wconf 92' lang='lat' dir='ltr'>a</span> 
     </span>
     <span class='ocr_line' id='line_1_8' title="bbox 345 1421 1529 1508; baseline 0.003 -19"><span class='ocrx_word' id='word_1_43' title='bbox 345 1422 560 1508; x_wconf 85' lang='lat' dir='ltr'>Theopompo</span> <span class='ocrx_word' id='word_1_44' title='bbox 585 1441 651 1489; x_wconf 92' lang='lat' dir='ltr'>non</span> <span class='ocrx_word' id='word_1_45' title='bbox 676 1421 851 1489; x_wconf 88' lang='lat' dir='ltr'>abhorrere</span> <span class='ocrx_word' id='word_1_46' title='bbox 872 1441 972 1507; x_wconf 92' lang='lat' dir='ltr'>supra</span> <span class='ocrx_word' id='word_1_47' title='bbox 994 1426 1260 1489; x_wconf 87' lang='lat' dir='ltr'>commemoravi.</span> <span class='ocrx_word' id='word_1_48' title='bbox 1292 1423 1424 1489; x_wconf 71' lang='lat' dir='ltr'>Accedit</span> <span class='ocrx_word' id='word_1_49' title='bbox 1442 1444 1529 1492; x_wconf 89' lang='lat' dir='ltr'>vero</span> 
     </span>
     <span class='ocr_line' id='line_1_9' title="bbox 345 1529 1530 1615; baseline 0.004 -21"><span class='ocrx_word' id='word_1_50' title='bbox 345 1529 432 1595; x_wconf 90' lang='lat' dir='ltr'>allud</span> <span class='ocrx_word' id='word_1_51' title='bbox 455 1536 697 1614; x_wconf 90' lang='lat' dir='ltr'>argumentum,</span> <span class='ocrx_word' id='word_1_52' title='bbox 722 1530 810 1613; x_wconf 93' lang='lat' dir='ltr'>quod</span> <span class='ocrx_word' id='word_1_53' title='bbox 829 1548 944 1614; x_wconf 89' lang='lat' dir='ltr'>capere</span> <span class='ocrx_word' id='word_1_54' title='bbox 969 1530 1043 1595; x_wconf 89' lang='lat' dir='ltr'>licet</span> <span class='ocrx_word' id='word_1_55' title='bbox 1065 1548 1103 1595; x_wconf 86' lang='lat' dir='ltr'>ex</span> <span class='ocrx_word' id='word_1_56' title='bbox 1125 1529 1178 1596; x_wconf 89' lang='lat' dir='ltr'>his</span> <span class='ocrx_word' id='word_1_57' title='bbox 1199 1529 1309 1597; x_wconf 90' lang='lat' dir='ltr'>verbis</span> <span class='ocrx_word' id='word_1_58' title='bbox 1328 1530 1530 1615; x_wconf 91' lang='lat' dir='ltr'>,Philippus</span> 
     </span>
     <span class='ocr_line' id='line_1_10' title="bbox 345 1636 1530 1719; baseline 0.003 -18"><span class='ocrx_word' id='word_1_59' title='bbox 345 1639 441 1719; x_wconf 84' lang='lat' dir='ltr'>quasi</span> <span class='ocrx_word' id='word_1_60' title='bbox 468 1637 678 1719; x_wconf 87' lang='lat' dir='ltr'>sacrilegii..</span> <span class='ocrx_word' id='word_1_61' title='bbox 703 1636 811 1702; x_wconf 90' lang='lat' dir='ltr'>ultor.</span> <span class='ocrx_word' id='word_1_62' title='bbox 832 1688 886 1702; x_wconf 92' lang='lat'>...</span> <span class='ocrx_word' id='word_1_63' title='bbox 911 1655 1029 1702; x_wconf 89' lang='lat' dir='ltr'>omnes</span> <span class='ocrx_word' id='word_1_64' title='bbox 1055 1636 1175 1702; x_wconf 88' lang='lat' dir='ltr'>milites</span> <span class='ocrx_word' id='word_1_65' title='bbox 1201 1654 1369 1702; x_wconf 91' lang='lat' dir='ltr'>coronas</span> <span class='ocrx_word' id='word_1_66' title='bbox 1391 1638 1530 1705; x_wconf 88' lang='lat' dir='ltr'>laureas</span> 
     </span>
     <span class='ocr_line' id='line_1_11' title="bbox 345 1741 1526 1827; baseline 0.003 -19"><span class='ocrx_word' id='word_1_67' title='bbox 345 1762 476 1809; x_wconf 90' lang='lat' dir='ltr'>sumere</span> <span class='ocrx_word' id='word_1_68' title='bbox 501 1741 590 1808; x_wconf 93' lang='lat' dir='ltr'>iubet</span> <span class='ocrx_word' id='word_1_69' title='bbox 615 1749 713 1827; x_wconf 88' lang='lat' dir='ltr'>atque</span> <span class='ocrx_word' id='word_1_70' title='bbox 732 1745 774 1808; x_wconf 91' lang='lat' dir='ltr'>lta</span> <span class='ocrx_word' id='word_1_71' title='bbox 795 1744 916 1809; x_wconf 88' lang='lat' dir='ltr'>veluti</span> <span class='ocrx_word' id='word_1_72' title='bbox 944 1743 1015 1808; x_wconf 93' lang='lat' dir='ltr'>deo</span> <span class='ocrx_word' id='word_1_73' title='bbox 1037 1743 1185 1809; x_wconf 89' lang='lat' dir='ltr'>ducein</span> <span class='ocrx_word' id='word_1_74' title='bbox 1204 1743 1363 1826; x_wconf 84' lang='lat' dir='ltr'>proellum</span> <span class='ocrx_word' id='word_1_75' title='bbox 1383 1743 1526 1827; x_wconf 88' lang='lat' dir='ltr'>pergit“.</span> 
     </span>
     <span class='ocr_line' id='line_1_12' title="bbox 344 1846 1531 1931; baseline -0.004 -16"><span class='ocrx_word' id='word_1_76' title='bbox 344 1848 519 1915; x_wconf 76' lang='lat' dir='ltr'>Simllllma</span> <span class='ocrx_word' id='word_1_77' title='bbox 529 1846 553 1931; x_wconf 85' lang='lat'>¹)</span> <span class='ocrx_word' id='word_1_78' title='bbox 577 1853 663 1915; x_wconf 92' lang='lat' dir='ltr'>enlm</span> <span class='ocrx_word' id='word_1_79' title='bbox 690 1854 862 1915; x_wconf 88' lang='lat' dir='ltr'>narrantur</span> <span class='ocrx_word' id='word_1_80' title='bbox 886 1853 918 1915; x_wconf 88' lang='lat' dir='ltr'>in</span> <span class='ocrx_word' id='word_1_81' title='bbox 945 1850 1036 1915; x_wconf 88' lang='lat' dir='ltr'>Diod.</span> <span class='ocrx_word' id='word_1_82' title='bbox 1061 1848 1137 1927; x_wconf 87' lang='lat' dir='ltr'>XVl,</span> <span class='ocrx_word' id='word_1_83' title='bbox 1161 1849 1213 1929; x_wconf 83' lang='lat'>79,</span> <span class='ocrx_word' id='word_1_84' title='bbox 1235 1848 1256 1913; x_wconf 79' lang='lat'>4</span> <span class='ocrx_word' id='word_1_85' title='bbox 1284 1849 1323 1924; x_wconf 79' lang='lat' dir='ltr'>„d</span> <span class='ocrx_word' id='word_1_86' title='bbox 1352 1848 1531 1928; x_wconf 78' lang='grc' dir='ltr'><em>Τιμολέων</em></span> 
     </span>
     <span class='ocr_line' id='line_1_13' title="bbox 345 1949 1526 2039; baseline 0.003 -25"><span class='ocrx_word' id='word_1_87' title='bbox 345 1949 405 2038; x_wconf 81' lang='grc' dir='ltr'>ἔφη</span> <span class='ocrx_word' id='word_1_88' title='bbox 429 1954 581 2032; x_wconf 62' lang='grc' dir='ltr'><strong><em>δέχεσθαι</em></strong></span> <span class='ocrx_word' id='word_1_89' title='bbox 603 1954 661 2016; x_wconf 80' lang='grc' dir='ltr'>τὸν</span> <span class='ocrx_word' id='word_1_90' title='bbox 684 1951 800 2016; x_wconf 80' lang='grc' dir='ltr'><strong><em>οἰωνὸν</em></strong></span> <span class='ocrx_word' id='word_1_91' title='bbox 822 1957 878 2039; x_wconf 80' lang='grc' dir='ltr'>τῆς</span> <span class='ocrx_word' id='word_1_92' title='bbox 899 1959 999 2038; x_wconf 80' lang='grc' dir='ltr'><em>νίκης·</em></span> <span class='ocrx_word' id='word_1_93' title='bbox 1024 1953 1080 2014; x_wconf 84' lang='grc' dir='ltr'>τὸν</span> <span class='ocrx_word' id='word_1_94' title='bbox 1096 1952 1155 2038; x_wconf 82' lang='grc' dir='ltr'>γὰρ</span> <span class='ocrx_word' id='word_1_95' title='bbox 1172 1949 1197 2016; x_wconf 84' lang='lat'>&#39;1</span> <span class='ocrx_word' id='word_1_96' title='bbox 1205 1955 1417 2033; x_wconf 63' lang='grc' dir='ltr'><strong><em>σιλμιακὸν</em></strong></span> <span class='ocrx_word' id='word_1_97' title='bbox 1441 1961 1526 2018; x_wconf 86' lang='grc' dir='ltr'><strong><em>στέ-</em></strong></span> 
     </span>
     <span class='ocr_line' id='line_1_14' title="bbox 343 2056 1529 2145; baseline 0.003 -24"><span class='ocrx_word' id='word_1_98' title='bbox 343 2081 466 2142; x_wconf 82' lang='grc' dir='ltr'><strong><em>φανον</em></strong></span> <span class='ocrx_word' id='word_1_99' title='bbox 490 2056 529 2122; x_wconf 82' lang='grc' dir='ltr'>έκ</span> <span class='ocrx_word' id='word_1_100' title='bbox 554 2060 708 2123; x_wconf 79' lang='grc' dir='ltr'><strong><em>σελίνου</em></strong></span> <span class='ocrx_word' id='word_1_101' title='bbox 734 2064 959 2124; x_wconf 75' lang='grc' dir='ltr'><strong><em>σννίστασθαν</em></strong></span> <span class='ocrx_word' id='word_1_102' title='bbox 984 2059 1014 2122; x_wconf 84' lang='grc' dir='ltr'>οἱ</span> <span class='ocrx_word' id='word_1_103' title='bbox 1030 2059 1064 2123; x_wconf 80' lang='grc' dir='ltr'>δὲ</span> <span class='ocrx_word' id='word_1_104' title='bbox 1080 2063 1271 2143; x_wconf 81' lang='grc' dir='ltr'><strong><em>στρατιῶται</em></strong></span> <span class='ocrx_word' id='word_1_105' title='bbox 1288 2062 1529 2145; x_wconf 71' lang='grc' dir='ltr'><strong><em>παραγγείλαν·</em></strong></span> 
     </span>
     <span class='ocr_line' id='line_1_15' title="bbox 343 2164 1522 2250; baseline 0.003 -22"><span class='ocrx_word' id='word_1_106' title='bbox 343 2188 398 2237; x_wconf 89' lang='grc' dir='ltr'>τος</span> <span class='ocrx_word' id='word_1_107' title='bbox 420 2178 478 2230; x_wconf 82' lang='grc' dir='ltr'>τοῦ</span> <span class='ocrx_word' id='word_1_108' title='bbox 506 2166 718 2246; x_wconf 80' lang='grc' dir='ltr'><strong><em>Τιμολέοντος</em></strong></span> <span class='ocrx_word' id='word_1_109' title='bbox 751 2164 786 2230; x_wconf 81' lang='grc' dir='ltr'>ἐκ</span> <span class='ocrx_word' id='word_1_110' title='bbox 817 2170 881 2228; x_wconf 77' lang='grc' dir='ltr'><strong><em>τοῖν</em></strong></span> <span class='ocrx_word' id='word_1_111' title='bbox 913 2166 1045 2229; x_wconf 80' lang='grc' dir='ltr'><strong><em>σελίνων</em></strong></span> <span class='ocrx_word' id='word_1_112' title='bbox 1075 2166 1250 2239; x_wconf 79' lang='grc' dir='ltr'><strong><em>πλέξαντες</em></strong></span> <span class='ocrx_word' id='word_1_113' title='bbox 1278 2172 1522 2250; x_wconf 81' lang='grc' dir='ltr'><strong><em>στεφάνους</em></strong></span> 
     </span>
     <span class='ocr_line' id='line_1_16' title="bbox 343 2272 1529 2360; baseline 0.006 -27"><span class='ocrx_word' id='word_1_114' title='bbox 343 2272 398 2335; x_wconf 83' lang='grc' dir='ltr'>καὶ</span> <span class='ocrx_word' id='word_1_115' title='bbox 425 2280 496 2343; x_wconf 89' lang='grc' dir='ltr'><strong><em>ταῖς</em></strong></span> <span class='ocrx_word' id='word_1_116' title='bbox 528 2273 682 2355; x_wconf 75' lang='grc' dir='ltr'><strong><em>κεφαλαῖς</em></strong></span> <span class='ocrx_word' id='word_1_117' title='bbox 711 2276 905 2358; x_wconf 71' lang='grc' dir='ltr'><strong><em>περιθέντες</em></strong></span> <span class='ocrx_word' id='word_1_118' title='bbox 939 2278 1082 2360; x_wconf 78' lang='grc' dir='ltr'><strong><em>προῆγον</em></strong></span> <span class='ocrx_word' id='word_1_119' title='bbox 1114 2273 1196 2353; x_wconf 85' lang='grc' dir='ltr'><strong><em>μετὰ</em></strong></span> <span class='ocrx_word' id='word_1_120' title='bbox 1225 2280 1331 2358; x_wconf 83' lang='grc' dir='ltr'><strong><em>χαρᾶς,</em></strong></span> <span class='ocrx_word' id='word_1_121' title='bbox 1364 2278 1413 2347; x_wconf 81' lang='grc' dir='ltr'>ὡς</span> <span class='ocrx_word' id='word_1_122' title='bbox 1442 2281 1529 2340; x_wconf 83' lang='grc' dir='ltr'>τῶν</span> 
     </span>
     <span class='ocr_line' id='line_1_17' title="bbox 342 2377 1524 2468; baseline 0.008 -25"><span class='ocrx_word' id='word_1_123' title='bbox 342 2382 447 2443; x_wconf 68' lang='grc' dir='ltr'><strong><em>θεῶν</em></strong></span> <span class='ocrx_word' id='word_1_124' title='bbox 465 2386 814 2465; x_wconf 77' lang='grc' dir='ltr'><strong><em>προσημαινόντων</em></strong></span> <span class='ocrx_word' id='word_1_125' title='bbox 829 2382 962 2450; x_wconf 81' lang='grc' dir='ltr'><strong><em>αὐτοῖς</em></strong></span> <span class='ocrx_word' id='word_1_126' title='bbox 980 2377 1048 2466; x_wconf 77' lang='grc' dir='ltr'>τὴν</span> <span class='ocrx_word' id='word_1_127' title='bbox 1063 2380 1205 2465; x_wconf 83' lang='grc' dir='ltr'><strong><em>νίκην“.</em></strong></span> <span class='ocrx_word' id='word_1_128' title='bbox 1219 2382 1324 2468; x_wconf 73' lang='lat' dir='ltr'>Atque</span> <span class='ocrx_word' id='word_1_129' title='bbox 1335 2390 1524 2454; x_wconf 84' lang='lat' dir='ltr'>accuratius</span> 
     </span>
     <span class='ocr_line' id='line_1_18' title="bbox 343 2488 1527 2574; baseline 0.004 -20"><span class='ocrx_word' id='word_1_130' title='bbox 343 2489 385 2554; x_wconf 91' lang='lat' dir='ltr'>de</span> <span class='ocrx_word' id='word_1_131' title='bbox 408 2488 613 2555; x_wconf 86' lang='lat' dir='ltr'>Timoleonte</span> <span class='ocrx_word' id='word_1_132' title='bbox 645 2492 755 2573; x_wconf 87' lang='lat' dir='ltr'>egisse</span> <span class='ocrx_word' id='word_1_133' title='bbox 779 2489 1028 2573; x_wconf 83' lang='lat' dir='ltr'>Theopompum</span> <span class='ocrx_word' id='word_1_134' title='bbox 1061 2490 1165 2555; x_wconf 90' lang='lat' dir='ltr'>elucet</span> <span class='ocrx_word' id='word_1_135' title='bbox 1189 2508 1207 2555; x_wconf 90' lang='lat' dir='ltr'>e</span> <span class='ocrx_word' id='word_1_136' title='bbox 1237 2489 1422 2574; x_wconf 79' lang='lat' dir='ltr'>fragmento</span> <span class='ocrx_word' id='word_1_137' title='bbox 1447 2492 1527 2560; x_wconf 86' lang='lat'>215.</span> 
     </span>
     <span class='ocr_line' id='line_1_19' title="bbox 343 2594 1522 2684; baseline 0.006 -24"><span class='ocrx_word' id='word_1_138' title='bbox 343 2595 455 2681; x_wconf 87' lang='lat' dir='ltr'>Neque</span> <span class='ocrx_word' id='word_1_139' title='bbox 475 2599 624 2679; x_wconf 88' lang='lat' dir='ltr'>ignotum</span> <span class='ocrx_word' id='word_1_140' title='bbox 643 2601 695 2662; x_wconf 86' lang='lat' dir='ltr'>est</span> <span class='ocrx_word' id='word_1_141' title='bbox 711 2614 786 2661; x_wconf 91' lang='lat' dir='ltr'>eum</span> <span class='ocrx_word' id='word_1_142' title='bbox 804 2599 940 2680; x_wconf 86' lang='lat' dir='ltr'>saepius</span> <span class='ocrx_word' id='word_1_143' title='bbox 957 2597 1137 2680; x_wconf 87' lang='lat' dir='ltr'>protulisse</span> <span class='ocrx_word' id='word_1_144' title='bbox 1154 2596 1315 2662; x_wconf 91' lang='lat' dir='ltr'>mirabilia</span> <span class='ocrx_word' id='word_1_145' title='bbox 1335 2594 1388 2680; x_wconf 81' lang='lat' dir='ltr'>(ci.</span> <span class='ocrx_word' id='word_1_146' title='bbox 1405 2597 1522 2684; x_wconf 81' lang='lat' dir='ltr'>fragm.</span> 
     </span>
     <span class='ocr_line' id='line_1_20' title="bbox 344 2703 1523 2789; baseline 0.004 -20"><span class='ocrx_word' id='word_1_147' title='bbox 344 2704 396 2783; x_wconf 85' lang='grc'>69,</span> <span class='ocrx_word' id='word_1_148' title='bbox 420 2703 494 2789; x_wconf 86' lang='lat'>211,</span> <span class='ocrx_word' id='word_1_149' title='bbox 525 2703 600 2779; x_wconf 84' lang='lat' dir='ltr'>alia)</span> <span class='ocrx_word' id='word_1_150' title='bbox 629 2709 728 2788; x_wconf 91' lang='lat' dir='ltr'>atque</span> <span class='ocrx_word' id='word_1_151' title='bbox 757 2706 893 2788; x_wconf 89' lang='lat' dir='ltr'>saepius</span> <span class='ocrx_word' id='word_1_152' title='bbox 926 2704 1052 2770; x_wconf 92' lang='lat' dir='ltr'>eisdem</span> <span class='ocrx_word' id='word_1_153' title='bbox 1083 2707 1288 2787; x_wconf 82' lang='lat' dir='ltr'>argumentis</span> <span class='ocrx_word' id='word_1_154' title='bbox 1320 2724 1417 2771; x_wconf 93' lang='lat' dir='ltr'>usum</span> <span class='ocrx_word' id='word_1_155' title='bbox 1443 2725 1523 2774; x_wconf 90' lang='lat' dir='ltr'>esse</span> 
     </span>
     <span class='ocr_line' id='line_1_21' title="bbox 343 2807 1523 2897; baseline 0.005 -23"><span class='ocrx_word' id='word_1_156' title='bbox 343 2807 397 2891; x_wconf 86' lang='lat' dir='ltr'>(ci.</span> <span class='ocrx_word' id='word_1_157' title='bbox 425 2808 541 2893; x_wconf 85' lang='lat' dir='ltr'>fragm.</span> <span class='ocrx_word' id='word_1_158' title='bbox 572 2809 645 2890; x_wconf 76' lang='lat'>124,</span> <span class='ocrx_word' id='word_1_159' title='bbox 677 2809 751 2890; x_wconf 84' lang='lat'>135,</span> <span class='ocrx_word' id='word_1_160' title='bbox 785 2809 871 2885; x_wconf 78' lang='lat'>198).</span> <span class='ocrx_word' id='word_1_161' title='bbox 927 2810 971 2876; x_wconf 89' lang='lat' dir='ltr'>De</span> <span class='ocrx_word' id='word_1_162' title='bbox 1000 2810 1216 2894; x_wconf 81' lang='lat' dir='ltr'>paragraphis</span> <span class='ocrx_word' id='word_1_163' title='bbox 1244 2811 1274 2892; x_wconf 88' lang='grc'>5,</span> <span class='ocrx_word' id='word_1_164' title='bbox 1306 2811 1335 2892; x_wconf 96' lang='grc'>6,</span> <span class='ocrx_word' id='word_1_165' title='bbox 1368 2812 1398 2892; x_wconf 86' lang='grc'>7,</span> <span class='ocrx_word' id='word_1_166' title='bbox 1435 2833 1523 2897; x_wconf 93' lang='lat' dir='ltr'>quas</span> 
     </span>
     <span class='ocr_line' id='line_1_22' title="bbox 343 2915 1523 3002; baseline 0.003 -20"><span class='ocrx_word' id='word_1_167' title='bbox 343 2915 384 2982; x_wconf 91' lang='lat' dir='ltr'>ad</span> <span class='ocrx_word' id='word_1_168' title='bbox 418 2915 668 2999; x_wconf 92' lang='lat' dir='ltr'>Theopompum</span> <span class='ocrx_word' id='word_1_169' title='bbox 706 2917 828 2983; x_wconf 89' lang='lat' dir='ltr'>rettulit</span> <span class='ocrx_word' id='word_1_170' title='bbox 863 2915 1027 2984; x_wconf 74' lang='lat' dir='ltr'>Schubert</span> <span class='ocrx_word' id='word_1_171' title='bbox 1065 2917 1155 2983; x_wconf 92' lang='lat' dir='ltr'>nullo</span> <span class='ocrx_word' id='word_1_172' title='bbox 1190 2916 1288 2984; x_wconf 82' lang='lat' dir='ltr'>firmo</span> <span class='ocrx_word' id='word_1_173' title='bbox 1323 2926 1523 3002; x_wconf 91' lang='lat' dir='ltr'>argumento</span> 
     </span>
     <span class='ocr_line' id='line_1_23' title="bbox 344 3018 1521 3108; baseline 0.004 -20"><span class='ocrx_word' id='word_1_174' title='bbox 344 3026 442 3090; x_wconf 85' lang='lat' dir='ltr'>nixus</span> <span class='ocrx_word' id='word_1_175' title='bbox 467 3018 519 3106; x_wconf 86' lang='lat' dir='ltr'>(cf.</span> <span class='ocrx_word' id='word_1_176' title='bbox 544 3042 616 3107; x_wconf 90' lang='lat' dir='ltr'>pag.</span> <span class='ocrx_word' id='word_1_177' title='bbox 642 3024 692 3102; x_wconf 90' lang='lat'>10,</span> <span class='ocrx_word' id='word_1_178' title='bbox 718 3043 791 3107; x_wconf 93' lang='lat' dir='ltr'>pag.</span> <span class='ocrx_word' id='word_1_179' title='bbox 814 3021 880 3106; x_wconf 82' lang='grc'>46),</span> <span class='ocrx_word' id='word_1_180' title='bbox 913 3026 1048 3090; x_wconf 88' lang='lat' dir='ltr'>certiora</span> <span class='ocrx_word' id='word_1_181' title='bbox 1073 3023 1217 3107; x_wconf 86' lang='lat' dir='ltr'>prolerre</span> <span class='ocrx_word' id='word_1_182' title='bbox 1242 3044 1308 3091; x_wconf 95' lang='lat' dir='ltr'>non</span> <span class='ocrx_word' id='word_1_183' title='bbox 1334 3044 1521 3108; x_wconf 90' lang='lat' dir='ltr'>possumus</span> 
     </span>
     <span class='ocr_line' id='line_1_24' title="bbox 342 3128 1518 3213; baseline 0.004 -18"><span class='ocrx_word' id='word_1_184' title='bbox 342 3132 407 3195; x_wconf 88' lang='lat' dir='ltr'>nisi</span> <span class='ocrx_word' id='word_1_185' title='bbox 425 3148 482 3195; x_wconf 93' lang='lat' dir='ltr'>eas</span> <span class='ocrx_word' id='word_1_186' title='bbox 503 3148 569 3196; x_wconf 92' lang='lat' dir='ltr'>non</span> <span class='ocrx_word' id='word_1_187' title='bbox 587 3128 821 3213; x_wconf 89' lang='lat' dir='ltr'>aTheopompi</span> <span class='ocrx_word' id='word_1_188' title='bbox 837 3135 905 3196; x_wconf 91' lang='lat' dir='ltr'>arte</span> <span class='ocrx_word' id='word_1_189' title='bbox 929 3129 1094 3197; x_wconf 90' lang='lat' dir='ltr'>scribendi</span> <span class='ocrx_word' id='word_1_190' title='bbox 1112 3130 1239 3196; x_wconf 90' lang='lat' dir='ltr'>alienas</span> <span class='ocrx_word' id='word_1_191' title='bbox 1256 3150 1341 3197; x_wconf 91' lang='lat' dir='ltr'>esse.</span> <span class='ocrx_word' id='word_1_192' title='bbox 1367 3132 1518 3200; x_wconf 78' lang='lat' dir='ltr'>Similem</span> 
     </span>
     <span class='ocr_line' id='line_1_25' title="bbox 343 3236 1518 3323; baseline 0.004 -22"><span class='ocrx_word' id='word_1_193' title='bbox 343 3237 376 3301; x_wconf 91' lang='lat' dir='ltr'>in</span> <span class='ocrx_word' id='word_1_194' title='bbox 409 3236 544 3302; x_wconf 93' lang='lat' dir='ltr'>modum</span> <span class='ocrx_word' id='word_1_195' title='bbox 582 3255 648 3320; x_wconf 94' lang='lat' dir='ltr'>quo</span> <span class='ocrx_word' id='word_1_196' title='bbox 685 3255 786 3320; x_wconf 90' lang='lat' dir='ltr'>supra</span> <span class='ocrx_word' id='word_1_197' title='bbox 820 3240 851 3302; x_wconf 95' lang='lat' dir='ltr'>in</span> <span class='ocrx_word' id='word_1_198' title='bbox 885 3236 1072 3317; x_wconf 91' lang='lat' dir='ltr'>Thebanos,</span> <span class='ocrx_word' id='word_1_199' title='bbox 1104 3236 1302 3319; x_wconf 85' lang='lat' dir='ltr'>Phocenses,</span> <span class='ocrx_word' id='word_1_200' title='bbox 1332 3238 1518 3323; x_wconf 88' lang='lat' dir='ltr'>Philippum</span> 
     </span>
     <span class='ocr_line' id='line_1_26' title="bbox 343 3342 1526 3429; baseline 0.003 -22"><span class='ocrx_word' id='word_1_201' title='bbox 343 3342 489 3408; x_wconf 89' lang='lat' dir='ltr'>lustinus</span> <span class='ocrx_word' id='word_1_202' title='bbox 521 3345 619 3409; x_wconf 89' lang='lat' dir='ltr'>etiam</span> <span class='ocrx_word' id='word_1_203' title='bbox 648 3347 681 3409; x_wconf 89' lang='lat' dir='ltr'>in</span> <span class='ocrx_word' id='word_1_204' title='bbox 706 3343 937 3423; x_wconf 80' lang='lat' dir='ltr'>Athenienses,</span> <span class='ocrx_word' id='word_1_205' title='bbox 966 3347 1020 3428; x_wconf 90' lang='lat' dir='ltr'>qui</span> <span class='ocrx_word' id='word_1_206' title='bbox 1054 3350 1124 3410; x_wconf 92' lang='lat' dir='ltr'>tum</span> <span class='ocrx_word' id='word_1_207' title='bbox 1148 3344 1386 3429; x_wconf 88' lang='lat' dir='ltr'>Thermopylas</span> <span class='ocrx_word' id='word_1_208' title='bbox 1420 3365 1526 3413; x_wconf 91' lang='lat' dir='ltr'>occu--</span> 
     </span>
     <span class='ocr_line' id='line_1_27' title="bbox 342 3450 1519 3535; baseline 0.004 -20"><span class='ocrx_word' id='word_1_209' title='bbox 342 3454 510 3534; x_wconf 89' lang='lat' dir='ltr'>paverant,</span> <span class='ocrx_word' id='word_1_210' title='bbox 535 3450 707 3530; x_wconf 87' lang='lat' dir='ltr'>invehitur,</span> <span class='ocrx_word' id='word_1_211' title='bbox 732 3469 817 3535; x_wconf 93' lang='lat' dir='ltr'>quos</span> <span class='ocrx_word' id='word_1_212' title='bbox 834 3456 931 3517; x_wconf 87' lang='lat' dir='ltr'>vocat</span> <span class='ocrx_word' id='word_1_213' title='bbox 955 3456 1239 3535; x_wconf 87' lang='lat' dir='ltr'>,propugnatores</span> <span class='ocrx_word' id='word_1_214' title='bbox 1256 3451 1400 3533; x_wconf 86' lang='lat' dir='ltr'>sceleris,</span> <span class='ocrx_word' id='word_1_215' title='bbox 1423 3456 1519 3520; x_wconf 90' lang='lat' dir='ltr'>cuius</span> 
     </span>
     <span class='ocr_line' id='line_1_28' title="bbox 341 3555 1524 3643; baseline 0.004 -22"><span class='ocrx_word' id='word_1_216' title='bbox 341 3561 436 3640; x_wconf 91' lang='lat' dir='ltr'>turpe</span> <span class='ocrx_word' id='word_1_217' title='bbox 461 3560 529 3621; x_wconf 91' lang='lat' dir='ltr'>erat</span> <span class='ocrx_word' id='word_1_218' title='bbox 553 3556 637 3622; x_wconf 90' lang='lat' dir='ltr'>alios</span> <span class='ocrx_word' id='word_1_219' title='bbox 661 3557 810 3623; x_wconf 90' lang='lat' dir='ltr'>vindices</span> <span class='ocrx_word' id='word_1_220' title='bbox 835 3555 973 3623; x_wconf 86' lang='lat' dir='ltr'>luisse“.</span> <span class='ocrx_word' id='word_1_221' title='bbox 1013 3558 1126 3642; x_wconf 86' lang='lat' dir='ltr'>Neque</span> <span class='ocrx_word' id='word_1_222' title='bbox 1150 3557 1265 3638; x_wconf 90' lang='lat' dir='ltr'>habeo,</span> <span class='ocrx_word' id='word_1_223' title='bbox 1298 3560 1385 3643; x_wconf 92' lang='lat' dir='ltr'>quod</span> <span class='ocrx_word' id='word_1_224' title='bbox 1411 3559 1524 3627; x_wconf 74' lang='lat' dir='ltr'>Schu-</span> 
     </span>
     <span class='ocr_line' id='line_1_29' title="bbox 342 3660 1523 3748; baseline 0.003 -19"><span class='ocrx_word' id='word_1_225' title='bbox 342 3662 470 3729; x_wconf 89' lang='lat' dir='ltr'>bertum</span> <span class='ocrx_word' id='word_1_226' title='bbox 489 3663 692 3747; x_wconf 89' lang='lat' dir='ltr'>redarguam,</span> <span class='ocrx_word' id='word_1_227' title='bbox 710 3666 764 3748; x_wconf 88' lang='lat' dir='ltr'>qui</span> <span class='ocrx_word' id='word_1_228' title='bbox 785 3662 866 3731; x_wconf 91' lang='lat' dir='ltr'>haec</span> <span class='ocrx_word' id='word_1_229' title='bbox 881 3660 1098 3748; x_wconf 91' lang='lat' dir='ltr'>Theopompo</span> <span class='ocrx_word' id='word_1_230' title='bbox 1116 3684 1249 3731; x_wconf 90' lang='lat' dir='ltr'>summo</span> <span class='ocrx_word' id='word_1_231' title='bbox 1265 3665 1523 3733; x_wconf 76' lang='lat' dir='ltr'>Atheniensium</span> 
     </span>
     <span class='ocr_line' id='line_1_30' title="bbox 341 3766 994 3854; baseline 0.003 -19"><span class='ocrx_word' id='word_1_232' title='bbox 341 3768 551 3836; x_wconf 88' lang='lat' dir='ltr'>obtrectatori</span> <span class='ocrx_word' id='word_1_233' title='bbox 576 3772 729 3854; x_wconf 91' lang='lat' dir='ltr'>assignat</span> <span class='ocrx_word' id='word_1_234' title='bbox 752 3766 796 3853; x_wconf 84' lang='lat' dir='ltr'>(p.</span> <span class='ocrx_word' id='word_1_235' title='bbox 819 3770 850 3852; x_wconf 92' lang='grc'>6,</span> <span class='ocrx_word' id='word_1_236' title='bbox 875 3770 904 3851; x_wconf 87' lang='lat' dir='ltr'>T,</span> <span class='ocrx_word' id='word_1_237' title='bbox 929 3767 994 3853; x_wconf 88' lang='lat'><strong>10).</strong></span> 
     </span>
    </p>

    <p class='ocr_par' dir='ltr' id='par_1_4' title="bbox 342 3876 1520 4067">
     <span class='ocr_line' id='line_1_31' title="bbox 432 3876 1515 3965; baseline 0.005 -23"><span class='ocrx_word' id='word_1_238' title='bbox 432 3876 574 3961; x_wconf 87' lang='lat' dir='ltr'>Utroque</span> <span class='ocrx_word' id='word_1_239' title='bbox 599 3878 697 3961; x_wconf 89' lang='lat' dir='ltr'>igitur</span> <span class='ocrx_word' id='word_1_240' title='bbox 718 3878 823 3960; x_wconf 87' lang='lat' dir='ltr'>capite</span> <span class='ocrx_word' id='word_1_241' title='bbox 839 3876 967 3943; x_wconf 92' lang='lat' dir='ltr'>nullum</span> <span class='ocrx_word' id='word_1_242' title='bbox 989 3876 1076 3943; x_wconf 90' lang='lat' dir='ltr'>alius</span> <span class='ocrx_word' id='word_1_243' title='bbox 1093 3880 1238 3944; x_wconf 89' lang='lat' dir='ltr'>auctoris</span> <span class='ocrx_word' id='word_1_244' title='bbox 1255 3896 1293 3944; x_wconf 93' lang='lat' dir='ltr'>ac</span> <span class='ocrx_word' id='word_1_245' title='bbox 1308 3877 1515 3965; x_wconf 91' lang='lat' dir='ltr'>Theopompi</span> 
     </span>
     <span class='ocr_line' id='line_1_32' title="bbox 342 3979 1520 4067; baseline 0.006 -20"><span class='ocrx_word' id='word_1_246' title='bbox 342 3981 499 4049; x_wconf 91' lang='lat' dir='ltr'>indicium</span> <span class='ocrx_word' id='word_1_247' title='bbox 527 3979 774 4067; x_wconf 61' lang='lat' dir='ltr'>repperimustl.</span> <span class='ocrx_word' id='word_1_248' title='bbox 812 3983 915 4050; x_wconf 82' lang='lat' dir='ltr'>inodo</span> <span class='ocrx_word' id='word_1_249' title='bbox 937 3982 1090 4067; x_wconf 90' lang='lat' dir='ltr'>obiurgat</span> <span class='ocrx_word' id='word_1_250' title='bbox 1104 3982 1291 4065; x_wconf 87' lang='lat' dir='ltr'>Thebanos,</span> <span class='ocrx_word' id='word_1_251' title='bbox 1315 3985 1415 4053; x_wconf 93' lang='lat' dir='ltr'>modo</span> <span class='ocrx_word' id='word_1_252' title='bbox 1432 3986 1520 4054; x_wconf 93' lang='lat' dir='ltr'>Pho-</span> 
     </span>
    </p>
   </div>
   <div class='ocr_carea' id='block_1_3' title="bbox 341 4176 1536 4610">
    <p class='ocr_par' dir='ltr' id='par_1_5' title="bbox 341 4176 1536 4610">
     <span class='ocr_line' id='line_1_33' title="bbox 431 4176 1536 4246; baseline 0.004 -12"><span class='ocrx_word' id='word_1_253' title='bbox 431 4176 453 4242; x_wconf 82' lang='grc'>1)</span> <span class='ocrx_word' id='word_1_254' title='bbox 472 4181 577 4235; x_wconf 72' lang='lat' dir='ltr'>Similia</span> <span class='ocrx_word' id='word_1_255' title='bbox 592 4189 739 4236; x_wconf 89' lang='lat' dir='ltr'>narrantur</span> <span class='ocrx_word' id='word_1_256' title='bbox 754 4185 836 4237; x_wconf 88' lang='lat' dir='ltr'>eliam</span> <span class='ocrx_word' id='word_1_257' title='bbox 852 4183 885 4236; x_wconf 94' lang='lat' dir='ltr'>de</span> <span class='ocrx_word' id='word_1_258' title='bbox 900 4183 1021 4237; x_wconf 78' lang='lat' dir='ltr'>Eumene</span> <span class='ocrx_word' id='word_1_259' title='bbox 1037 4190 1064 4238; x_wconf 88' lang='lat' dir='ltr'>et</span> <span class='ocrx_word' id='word_1_260' title='bbox 1078 4184 1111 4237; x_wconf 93' lang='lat' dir='ltr'>de</span> <span class='ocrx_word' id='word_1_261' title='bbox 1121 4182 1307 4240; x_wconf 84' lang='lat' dir='ltr'>Constantino</span> <span class='ocrx_word' id='word_1_262' title='bbox 1320 4180 1365 4246; x_wconf 87' lang='lat' dir='ltr'>(ci.</span> <span class='ocrx_word' id='word_1_263' title='bbox 1378 4185 1536 4241; x_wconf 74' lang='lat' dir='ltr'>Schubert.</span> 
     </span>
     <span class='ocr_line' id='line_1_34' title="bbox 342 4266 1519 4341; baseline 0.004 -17"><span class='ocrx_word' id='word_1_264' title='bbox 342 4288 368 4340; x_wconf 90' lang='lat' dir='ltr'>p.</span> <span class='ocrx_word' id='word_1_265' title='bbox 387 4266 442 4329; x_wconf 81' lang='grc'>61).</span> <span class='ocrx_word' id='word_1_266' title='bbox 481 4269 600 4325; x_wconf 92' lang='lat' dir='ltr'>Oraculo</span> <span class='ocrx_word' id='word_1_267' title='bbox 621 4288 676 4325; x_wconf 93' lang='lat' dir='ltr'>non</span> <span class='ocrx_word' id='word_1_268' title='bbox 697 4272 823 4326; x_wconf 90' lang='lat' dir='ltr'>dissimili</span> <span class='ocrx_word' id='word_1_269' title='bbox 848 4288 915 4326; x_wconf 87' lang='lat' dir='ltr'>usus</span> <span class='ocrx_word' id='word_1_270' title='bbox 939 4279 982 4326; x_wconf 89' lang='lat' dir='ltr'>est</span> <span class='ocrx_word' id='word_1_271' title='bbox 1000 4272 1190 4341; x_wconf 70' lang='lat' dir='ltr'>§hahespeare</span> <span class='ocrx_word' id='word_1_272' title='bbox 1214 4267 1355 4336; x_wconf 78' lang='lat' dir='ltr'>(hiacbeth</span> <span class='ocrx_word' id='word_1_273' title='bbox 1373 4275 1405 4341; x_wconf 92' lang='lat' dir='ltr'>V,</span> <span class='ocrx_word' id='word_1_274' title='bbox 1424 4269 1519 4337; x_wconf 87' lang='grc'>4-7).</span> 
     </span>
     <span class='ocr_line' id='line_1_35' title="bbox 430 4354 1523 4431; baseline 0.005 -19"><span class='ocrx_word' id='word_1_275' title='bbox 430 4354 450 4421; x_wconf 77' lang='lat'>¹)</span> <span class='ocrx_word' id='word_1_276' title='bbox 469 4360 556 4413; x_wconf 91' lang='lat' dir='ltr'>Velim</span> <span class='ocrx_word' id='word_1_277' title='bbox 583 4360 710 4415; x_wconf 83' lang='lat' dir='ltr'>conferas</span> <span class='ocrx_word' id='word_1_278' title='bbox 734 4361 798 4415; x_wconf 88' lang='lat' dir='ltr'>lust·</span> <span class='ocrx_word' id='word_1_279' title='bbox 819 4361 883 4426; x_wconf 86' lang='lat' dir='ltr'>Vlll,</span> <span class='ocrx_word' id='word_1_280' title='bbox 909 4371 940 4423; x_wconf 84' lang='lat'>11,</span> <span class='ocrx_word' id='word_1_281' title='bbox 958 4377 981 4413; x_wconf 89' lang='lat' dir='ltr'>n</span> <span class='ocrx_word' id='word_1_282' title='bbox 1010 4363 1101 4431; x_wconf 85' lang='lat' dir='ltr'>„quod</span> <span class='ocrx_word' id='word_1_283' title='bbox 1127 4364 1154 4415; x_wconf 90' lang='lat' dir='ltr'>in</span> <span class='ocrx_word' id='word_1_284' title='bbox 1174 4363 1267 4417; x_wconf 91' lang='lat' dir='ltr'>dubiis</span> <span class='ocrx_word' id='word_1_285' title='bbox 1287 4365 1369 4418; x_wconf 91' lang='lat' dir='ltr'>rebus</span> <span class='ocrx_word' id='word_1_286' title='bbox 1388 4365 1447 4418; x_wconf 89' lang='lat' dir='ltr'>suis</span> <span class='ocrx_word' id='word_1_287' title='bbox 1469 4365 1523 4419; x_wconf 83' lang='lat' dir='ltr'>illo</span> 
     </span>
     <span class='ocr_line' id='line_1_36' title="bbox 341 4449 1519 4522; baseline 0.004 -18"><span class='ocrx_word' id='word_1_288' title='bbox 341 4451 394 4505; x_wconf 93' lang='lat' dir='ltr'>deo</span> <span class='ocrx_word' id='word_1_289' title='bbox 414 4451 497 4504; x_wconf 89' lang='lat' dir='ltr'>etiam</span> <span class='ocrx_word' id='word_1_290' title='bbox 524 4450 702 4504; x_wconf 85' lang='lat' dir='ltr'>consiliorum</span> <span class='ocrx_word' id='word_1_291' title='bbox 724 4456 836 4504; x_wconf 89' lang='lat' dir='ltr'>auctore</span> <span class='ocrx_word' id='word_1_292' title='bbox 857 4452 899 4504; x_wconf 89' lang='lat' dir='ltr'>usi</span> <span class='ocrx_word' id='word_1_293' title='bbox 918 4449 1045 4505; x_wconf 81' lang='lat' dir='ltr'>iuerant¹⁴</span> <span class='ocrx_word' id='word_1_294' title='bbox 1067 4451 1271 4517; x_wconf 78' lang='lat' dir='ltr'>etVlll,11,12</span> <span class='ocrx_word' id='word_1_295' title='bbox 1294 4454 1420 4522; x_wconf 80' lang='lat' dir='ltr'>„ingenia</span> <span class='ocrx_word' id='word_1_296' title='bbox 1441 4455 1519 4522; x_wconf 91' lang='lat' dir='ltr'>pul-</span> 
     </span>
     <span class='ocr_line' id='line_1_37' title="bbox 341 4537 1522 4610; baseline 0.003 -16"><span class='ocrx_word' id='word_1_297' title='bbox 341 4540 520 4594; x_wconf 87' lang='lat' dir='ltr'>cherrimis</span> <span class='ocrx_word' id='word_1_298' title='bbox 549 4538 683 4607; x_wconf 85' lang='lat' dir='ltr'>legibus</span> <span class='ocrx_word' id='word_1_299' title='bbox 713 4540 959 4608; x_wconf 85' lang='lat' dir='ltr'>institutisque</span> <span class='ocrx_word' id='word_1_300' title='bbox 984 4537 1121 4594; x_wconf 84' lang='lat' dir='ltr'>formata“</span> <span class='ocrx_word' id='word_1_301' title='bbox 1149 4558 1211 4596; x_wconf 86' lang='lat' dir='ltr'>cum</span> <span class='ocrx_word' id='word_1_302' title='bbox 1238 4542 1318 4597; x_wconf 87' lang='lat' dir='ltr'>Diod.</span> <span class='ocrx_word' id='word_1_303' title='bbox 1346 4542 1410 4609; x_wconf 86' lang='lat' dir='ltr'>XVl,</span> <span class='ocrx_word' id='word_1_304' title='bbox 1434 4544 1522 4610; x_wconf 79' lang='lat'>57,4</span> 
     </span>
    </p>
   </div>
   <div class='ocr_carea' id='block_1_4' title="bbox 0 0 1838 5350">
    <p class='ocr_par' dir='ltr' id='par_1_6' title="bbox 0 0 1838 5350">
     <span class='ocr_line' id='line_1_38' title="bbox 0 0 1838 5350; baseline 0 1"><span class='ocrx_word' id='word_1_305' title='bbox 0 0 1838 5350; x_wconf 95' lang='lat' dir='ltr'> </span> 
     </span>
    </p>
   </div>
  </div>
 </body>
</html>
