3667 5350
807 609 1028 675 ,44-

330 807 367 856 se
408 789 547 856 contulit
580 794 651 855 tum
687 789 727 854 ad
763 788 892 867 llieron,
933 788 1020 871 quod
1058 792 1202 867 vocatur,
1242 789 1511 873 promunturium·

329 895 508 980 Bithyniae,
533 895 588 961 ubi
614 895 738 962 Pontus
763 895 909 962 Euxinus
934 900 966 961 et
990 895 1159 980 Bosporus
1183 895 1341 962 Thracius
1365 897 1512 961 coniun-

326 1008 450 1086 guntur
462 1003 494 1084 1).
526 996 597 1069 liuc
614 1005 701 1069 enim
720 1001 959 1084 colligebantur
976 1021 1079 1068 naves
1097 1005 1307 1069 mercatoriae
1324 1001 1504 1068 Athenien-

326 1111 415 1175 sium
457 1128 637 1194 eorumque
682 1112 848 1177 sociorum
889 1128 906 1175 e
943 1109 1047 1175 Ponto
1090 1116 1299 1176 revertentes.
1361 1109 1505 1193 Reliquit

327 1221 436 1283 autem
468 1218 652 1283 secundum
679 1215 908 1282 Philochorum
936 1215 1057 1284 Chares
1087 1217 1139 1283 hic
1170 1215 1347 1282 nonnullas
1379 1219 1504 1296 trieres,

327 1323 450 1407 quibus
483 1323 556 1390 illae
586 1326 815 1407 reciperentur.
850 1321 906 1413 lix
932 1341 971 1389 eo
995 1341 1082 1403 uero,
1111 1323 1198 1406 quod
1224 1322 1322 1390 nobis
1346 1323 1503 1389 traditum

328 1449 395 1497 non
426 1436 478 1497 est
507 1429 728 1497 Athenienses
764 1449 895 1513 semper
927 1429 1068 1497 classem
1102 1433 1327 1496 mercatoriam
1360 1429 1513 1496 navibus¹

326 1535 437 1620 longis
462 1539 578 1603 missis
602 1536 821 1604 reducendam
846 1540 1025 1617 curavisse,
1049 1556 1205 1621 apparere
1229 1556 1327 1604 nemo
1351 1542 1449 1620 negat
1474 1540 1503 1603 ei

327 1662 393 1710 non
412 1646 475 1710 nisi
494 1650 574 1716 tum.
598 1663 671 1710 cum
694 1643 815 1709 bellum
834 1643 1036 1724 imminebat,
1057 1651 1238 1728 praetorem
1257 1662 1329 1710 cum
1347 1643 1503 1711 trieribus
1603 1673 1611 1695 ·

328 1750 495 1834 praesidio
521 1753 663 1817 missum
689 1749 805 1832 essell.
842 1751 1029 1817 Verisimile
1054 1754 1152 1835 igitur
1171 1756 1230 1830 est,
1255 1770 1328 1817 cum
1347 1750 1502 1817 Perinthii

327 1862 360 1922 et
391 1857 536 1941 Byzantii
568 1877 586 1923 a
617 1858 766 1941 Philippo
803 1856 1047 1937 obsiderentur,
1085 1858 1305 1924 Athenienses
1338 1860 1514 1938 timuisse,

329 1982 370 2029 ne
407 1964 459 2030 ille
492 1983 596 2030 naves
628 1983 709 2030 suas
742 1963 886 2031 ePonto
919 1964 1057 2031 reduces
1089 1964 1328 2048 aggrederetur,
1361 1964 1504 2049 ideoque

327 2070 496 2139 Charetem
533 2074 678 2150 misisse,
714 2071 880 2156 quiillas
915 2076 1068 2139 tueretur.
1120 2072 1229 2155 ltaque
1265 2076 1413 2154 apertum
1450 2079 1504 2138 est

327 2177 448 2244 bellum
479 2181 563 2246 inter
586 2178 770 2262 Philippum
802 2184 833 2244 et
856 2177 1078 2245 Athenienses
1103 2179 1250 2245 nondum
1283 2186 1389 2245 ortum
1416 2198 1512 2260 esse,

326 2285 386 2352 sed
411 2288 631 2353 imminuisse.

417 2393 528 2478 Neque
564 2397 741 2478 quicquam
779 2392 886 2459 adhuc
919 2392 1075 2459 traditum
1110 2397 1178 2459 erat
1213 2392 1253 2459 de
1286 2391 1433 2460 Charetis
1470 2399 1502 2459 et

326 2506 532 2585 satraparum
550 2504 716 2567 conventu
724 2496 758 2581 ἓΒ).
798 2499 900 2577 Quem
926 2499 1049 2566 lactum
1072 2517 1148 2566 esse
1166 2507 1299 2583 propter
1315 2500 1501 2567 Perinthios

326 2674 378 2747 κήν
393 2674 536 2746 α’ξιόλογον
551 2675 713 2748 ἐξέπεμψαν
727 2671 919 2746 βοηθήσουσαν
933 2682 989 2735 τοῖς
1008 2671 1193 2738 Βυζαντίοις“.
1213 2681 1247 2735 cf,
1262 2681 1439 2747 §eliacim
1454 2683 1471 2736 l,
1486 2685 1504 2737 Ι,

327 2766 373 2837 11²,
393 2773 454 2836 508,
474 2774 498 2836 1,
517 2773 547 2837 4;
566 2773 627 2836 509,
648 2773 677 2836 2;
697 2772 758 2825 514.
797 2771 995 2839 Kromayer,
1017 2771 1033 2823 l.
1052 2771 1069 2824 l.
1090 2771 1107 2831 l,
1127 2787 1153 2838 p.
1174 2772 1233 2825 178.

416 2855 436 2923 ¹)
458 2861 495 2915 De
510 2864 621 2915 nomine
637 2869 664 2916 et
677 2863 732 2915 situ
747 2861 829 2914 huius
845 2861 1030 2928 promonturii
1044 2859 1230 2914 conferendus
1244 2867 1286 2915 est
1296 2860 1363 2929 Egli
1383 2861 1503 2915 Nomina

324 2967 420 3020 geogr.
442 2967 467 3018 p.
487 2952 547 3015 409,
575 2952 621 3005 ubi
642 2951 759 3018 legimus
782 2940 882 3013 ,Ἱερὸν
901 2940 989 3015 στόμα
1009 2964 1044 2990 =
1063 2950 1168 3018 lleilige
1188 2950 1341 3017 lllllndung,
1362 2951 1405 3004 die
1425 2950 1501 3018 linge

326 3043 374 3095 des
394 3042 535 3110 Bosporus
555 3040 692 3094 zwischen
715 3040 812 3094 humili
834 3040 888 3092 und
909 3038 1020 3093 Anatoll
1042 3030 1151 3103 Kawah,
1171 3040 1231 3091 weil
1252 3040 1295 3093 die
1315 3041 1426 3093 letztere
1445 3038 1500 3093 An·

325 3130 387 3199 lage
407 3148 458 3186 vor
469 3132 551 3185 alters
568 3130 669 3183 fanum
690 3122 737 3187 (Σ
751 3118 847 3192 ‘leprlvl
867 3127 929 3181 hiell
944 3144 1000 3181 von
1016 3129 1077 3182 dem
1092 3128 1202 3195 Tempel
1216 3129 1264 3181 der
1278 3128 1360 3182 zwllli
1375 3119 1500 3196 Gotter“;

325 3204 360 3273 cl.
381 3222 462 3274 etiam
484 3220 672 3281 Baedeher,
694 3218 926 3283 Konstantinopel
947 3235 972 3270 u.
993 3218 1019 3270 d.
1038 3217 1124 3271 westl.
1146 3217 1300 3274 Kleinasien
1321 3234 1347 3285 p.
1368 3219 1427 3272 130.

413 3299 434 3369 ²)
453 3309 625 3363 Testimonio
647 3312 690 3361 est
703 3308 794 3360 oratio
808 3322 879 3374 quae
892 3306 979 3359 fertur
993 3306 1186 3360 Demosthenis
1200 3296 1267 3371 πρὸς
1281 3301 1421 3354 Πολυκλέα
1435 3303 1498 3372 περὶ

326 3394 374 3445 τοῦ
401 3387 685 3463 ἐπιτριηραρχήματος
705 3395 814 3460 habita,
839 3397 885 3449 ubi
906 3396 1023 3463 legimus
1043 3396 1124 3449 classi
1146 3397 1326 3449 mercatoriae
1350 3399 1498 3450 revertenti

326 3502 413 3541 naves
434 3487 534 3554 longas
554 3488 587 3539 ad
602 3486 705 3539 llieron
727 3486 864 3553 praesidio
885 3486 985 3537 missas
999 3500 1067 3547 esse,
1088 3485 1162 3553 quod
1177 3484 1303 3552 byzantii
1318 3486 1500 3540 imminebant

325 3584 353 3631 et
371 3576 556 3631 Chalcedonii.
585 3573 626 3628 cf.
646 3566 743 3636 [Deml
764 3573 782 3625 l
800 3564 835 3638 o;'
850 3574 891 3626 17.
921 3574 1012 3627 Verbo
1031 3564 1077 3637 ,τὸ
1096 3568 1207 3619 almost
1228 3573 1403 3641 significatur
1424 3576 1498 3642 apud

326 3665 538 3720 Demosthenem
563 3660 607 3722 (de
632 3680 687 3718 eor.
707 3665 742 3717 73
762 3668 789 3717 et
808 3663 870 3716 139Ι
898 3670 925 3717 et
949 3664 1022 3729 apud
1044 3663 1236 3716 Philochorum
1263 3664 1343 3716 navis
1363 3666 1498 3718 oneraria.

325 3755 364 3810 Cl.
386 3753 687 3816 etiamllid.col.10,
711 3754 754 3817 47,
784 3753 829 3805 ubi
857 3752 974 3820 legimus
1000 3742 1048 3811 „ul
1074 3747 1153 3797 πλοῖα
1174 3751 1227 3797 τῶν
1247 3742 1398 3817 ἐμπόρωνῖ
1436 3753 1497 3808 Vox

327 3833 426 3903 „roff
449 3843 533 3897 habet
551 3841 787 3911 significationem
807 3844 888 3895 navis
908 3842 1018 3910 longae.
1047 3841 1107 3904 Qua
1128 3842 1161 3894 de
1181 3856 1209 3894 re
1229 3842 1325 3895 videas
1338 3857 1442 3909 quaeso
1457 3859 1497 3907 ea,

325 3949 395 4001 quae
424 3934 536 4000 scripsit
559 3931 690 3986 &chaeler
710 3926 767 3994 lili,
796 3933 857 3995 503,
886 3929 923 3984 51.
962 3932 999 3985 lle
1029 3933 1122 3985 verbis
1153 3920 1201 3995 ,τὰ
1230 3925 1310 3976 πλοῖα
1338 3921 1498 3994 καττίγειν“.

324 4023 508 4090 harpocratio
529 4022 670 4075 Demosth.
692 4036 730 4074 or.
752 4020 817 4085 Vlll,
843 4021 859 4074 9
885 4026 912 4074 et
931 4021 966 4074 28
987 4022 1183 4087 interpretatus
1204 4020 1309 4087 prolert
1328 4019 1396 4073 haec
1418 4032 1497 4083 ,κατ-

325 4102 405 4174 άγειν
420 4101 451 4156 τὰ
464 4106 544 4158 πλοῖα
565 4105 674 4173 λέγεται
693 4102 755 4155 riute*
777 4109 825 4156 τοῦ
838 4100 979 4166 βιάζεσθαι
993 4109 1097 4155 κακοῦν
1113 4104 1159 4154 καὶ
1171 4100 1210 4174 μὴ
1225 4101 1275 4155 ἰιὶν
1289 4099 1352 4161 τοὺς
1363 4102 1498 4161 πλέοντας

326 4189 389 4246 ὅποι
414 4190 556 4263 βούλονται
581 4195 660 4246 πλεῖν
684 4192 743 4245 ‹ili’
763 4192 802 4252 εἰς
821 4190 853 4245 τὰ
874 4192 962 4244 οἰκεῖα
978 4196 1065 4263 χωρία
1087 4198 1141 4250 ταῖς
1160 4188 1318 4266 λῃστεύουσι
1337 4188 1497 4261 antristis,

325 4289 507 4357 Significatur
533 4291 616 4357 igitur
637 4304 706 4342 voce
728 4278 892 4353 ,κατάγειν“
917 4303 1020 4352 ,naves
1040 4293 1137 4355 captas
1158 4289 1183 4340 in
1205 4276 1501 4355 portum'deducere‘ss.
1531 4307 1533 4311 ⁴

327 4396 430 4439 „naves
449 4367 638 4445 intercipere“,
658 4380 732 4446 quod
754 4383 851 4431 nostro
864 4392 992 4431 sermone
1006 4391 1141 4430 vocamus
1156 4375 1346 4444 „aulbringem
1366 4373 1506 4444 hapern“,.

325 4468 359 4522 cl.
378 4468 443 4522 Xen.
463 4468 531 4521 llell.
551 4468 581 4532 V,
602 4470 626 4531 1,
646 4468 694 4525 28;
716 4467 790 4520 Dem.
811 4467 841 4532 V,
861 4467 908 4531 253
928 4466 993 4530 Vlll,
1012 4466 1044 4530 9;
1065 4466 1127 4533 Lyc.
1145 4467 1185 4519 18.

413 4552 433 4617 ³)
454 4556 556 4610 Eodem
586 4557 670 4609 modo
699 4556 773 4623 apud
792 4554 937 4609 Arrianum
963 4548 1025 4613 (An.
1046 4555 1062 4619 l,
1084 4556 1125 4619 12,
1146 4552 1191 4615 10)
1221 4555 1307 4607 verbo
1333 4544 1502 4618 „odiloyoe“·
