3667 5350
885 563 1075 628 ..4,

301 805 302 808 ,
378 737 495 821 wen1),
520 735 697 821 Foucart2).
743 739 836 816 Quod
863 760 936 806 cum
963 740 1005 806 illi
1031 760 1097 807 non
1123 744 1187 808 nisi
1212 745 1449 826 praetereundo
1472 749 1547 811 teti-

379 850 492 930 gerint,
525 846 661 913 Foucart
686 851 870 913 accuratius
903 848 1085 931 explicavit.
1138 848 1204 915 Sed
1234 869 1300 916 non
1326 855 1436 917 omnia
1461 859 1547 919 recte

379 955 573 1038 explanavit.
621 953 732 1038 Neque
764 957 850 1019 enim
883 954 950 1020 iere
982 958 1157 1039 quicquam
1183 958 1317 1040 protulit
1348 958 1393 1023 de
1429 959 1545 1027 rebus

380 1062 674 1145 chronologicis
700 1081 805 1145 neque
830 1067 913 1128 recte
937 1062 1092 1127 iudicavit
1117 1063 1161 1129 de
1185 1065 1425 1143 rationibus,
1448 1086 1546 1150 quae

381 1173 481 1235 inter
512 1176 717 1254 utramque
745 1172 942 1236 actionem
974 1169 1020 1234 de
1052 1189 1147 1252 pace
1179 1170 1352 1237 habitam
1379 1177 1546 1239 interce-

379 1277 481 1343 dant

467 1385 562 1468 Apud
591 1384 839 1469 Xenophontem
870 1382 963 1467 (llell.
992 1385 1040 1465 lV,
1066 1386 1100 1465 8,
1126 1384 1261 1468 12·1o)
1291 1387 1431 1470 legimus
1461 1387 1546 1453 bello

378 1491 554 1573 Corinthi0,
578 1492 665 1577 quod
691 1498 833 1573 vocatur,
856 1511 875 1557 a
900 1492 1166 1558 lacedaemoniis
1183 1493 1386 1560 hntalcidam
1412 1496 1452 1561 ad
1465 1495 1547 1560 Tiri-

379 1600 496 1666 bazum
521 1619 597 1666 esse
621 1603 773 1680 missum,
799 1607 834 1666 ut
858 1600 946 1665 hunc
971 1600 1011 1666 de
1027 1599 1278 1667 Atheniensium
1304 1604 1454 1669 consiliis
1479 1622 1547 1669 cer-

377 1710 492 1773 tiorem
517 1706 644 1773 iaceret.
684 1705 777 1782 Quod
803 1726 868 1791 quo
893 1725 981 1772 anno
1005 1706 1127 1773 iactum
1153 1711 1206 1786 sit,
1230 1727 1296 1774 non
1313 1717 1456 1792 apparet.
1484 1711 1546 1776 Vix

378 1813 607 1893 Athenienses,
631 1813 752 1896 Argivi,
765 1813 922 1892 Thebani,
946 1819 1015 1878 tum
1034 1817 1203 1880 societatis
1219 1816 1351 1882 vinculo
1373 1820 1546 1896 coniuncti,

379 1921 440 1987 hoc
464 1925 694 2004 cognoverant,
718 1939 791 1985 cum
818 1923 880 2004 ipsi
905 1940 1038 2005 quoque
1062 1921 1189 2005 legatos
1214 1922 1253 1987 ad
1276 1921 1459 1988 Tiribazum
1485 1927 1546 1988 mi-

378 2025 533 2110 serunt⁸).
572 2029 632 2095 llic
649 2034 757 2094 autem
772 2030 820 2094 eis
839 2027 1100 2108 condicionibus,
1117 2047 1201 2112 quas
1219 2028 1408 2095 hntalcidas
1421 2031 1546 2110 tulerat,

379 2155 462 2202 usus
486 2135 674 2219 postulavit,
700 2140 735 2200 ut
758 2134 900 2200 Graecae
929 2137 1079 2201 civitates
1103 2135 1200 2200 Asiae
1229 2137 1293 2202 sub
1323 2136 1547 2204 dominatione

378 2242 548 2309 Persarum
566 2249 687 2322 essent,
712 2247 836 2308 ceterae
852 2248 960 2307 autem
979 2244 1128 2308 civitates
1145 2241 1286 2309 Graecae
1308 2247 1380 2309 suis
1398 2263 1546 2327 quaeque

378 2349 507 2434 legibus
533 2355 708 2416 uterentur.
754 2347 844 2425 Quae
869 2368 942 2414 cum
961 2348 1235 2429 lacedaemoniis,
1261 2353 1410 2433 quitum
1436 2354 1547 2416 omnia

377 2456 452 2534 iere,
481 2476 565 2541 quae
593 2463 671 2540 post
699 2475 823 2522 annum
848 2456 914 2521 404
939 2461 1215 2540 expugnaverant,
1247 2459 1434 2532 amiserant,
1468 2458 1545 2523 nulli

378 2563 574 2630 detrimento
599 2569 720 2644 essent,
750 2582 768 2628 a
793 2566 910 2629 ceteris
935 2563 1069 2629 Graecis
1094 2581 1301 2646 nequaquam
1328 2565 1462 2630 concedi
1487 2584 1546 2649 po-

376 2678 518 2739 tuerunt.
565 2671 675 2756 ltaque
690 2670 881 2738 hntalcidae
899 2669 1152 2738 condicionibus
1167 2672 1289 2754 spretis
1305 2669 1402 2754 legati
1417 2671 1546 2740 iniectis

377 2779 477 2846 rebus
501 2779 636 2845 domum
661 2785 871 2845 reverterunt.
919 2778 966 2844 Ad
991 2779 1053 2845 has
1072 2779 1220 2857 actiones
1236 2778 1398 2845 Sardibus
1415 2779 1546 2847 habitas

318 2889 332 3044 s
376 2890 540 2970 pertinent
568 2886 649 2953 haec
677 2886 875 2952 Philocherei
904 2886 1079 2969 fragmenti
1109 2884 1207 2951 verba
1238 2884 1313 2969 „nai
1335 2881 1395 2970 τὴν
1419 2881 1548 2971 εἰρήνην

242 2982 264 3081 l
376 2990 435 3081 τὴν
459 2986 514 3054 ἐπ’
537 2988 998 3092 Ἀννιαλκίδονικανέπεμψεν
1022 2994 1039 3053 ὁ
1063 2990 1219 3073 βασιλεύς,
1245 2990 1282 3077 ἣν
1299 2986 1470 3075 Ἀθηναῖοι
1491 2993 1547 3053 οὐκ

166 3135 167 3148 ν
214 3137 230 3158 0
292 3093 315 3178 J
377 3094 524 3173 ἐδέξαντο
556 3100 637 3162 διότι
670 3093 846 3182 ἐγέγραπτο
878 3093 913 3160 ἐν
945 3100 1028 3184 αὐτῇ
1058 3097 1132 3167 τοὺς
1161 3095 1220 3183 τὴν
1247 3092 1358 3159 Ἀσίαν
1382 3095 1548 3169 οἰκοῦντας

378 3198 535 3290 ’Έλληνας
562 3201 598 3269 ἐν
625 3205 776 3287 βασιλέως
805 3204 911 3291 οἴκῳ4)
946 3208 1073 3275 πάντας
1103 3196 1188 3267 εἶναι
1221 3206 1547 3289 σοννενεμημένονς.“

330 3345 334 3352 ·
376 3315 537 3382 Videmus
562 3318 659 3400 igitur
676 3334 715 3380 ex
729 3314 910 3381 Philochori
923 3316 1117 3380 testimonio
1130 3312 1321 3379 hntalcidae
1335 3314 1547 3381 condiciones

376 3425 513 3489 reiectas
539 3442 614 3489 esse
639 3440 726 3487 anno
750 3420 861 3504 392J1.
908 3421 1099 3487 Accuratius
1123 3422 1290 3485 actionum
1315 3427 1447 3504 tempus
1465 3421 1547 3487 inira

377 3530 584 3601 definiemus.

468 3709 488 3773 ’ν
507 3714 575 3767 Van
601 3714 774 3775 lecuwen,
799 3711 881 3765 Arist.
908 3710 1063 3776 Ecclesiaz,
1094 3709 1176 3778 lugd.
1201 3710 1259 3764 Bat.
1284 3711 1362 3773 1905,
1387 3726 1449 3777 pag.
1475 3710 1547 3774 Xlll„

375 3806 488 3872 scripsit
511 3805 606 3858 eadem
632 3805 677 3857 via
703 3818 755 3870 qua
781 3801 925 3856 Schwartz
944 3800 1087 3868 proiectus
1107 3800 1175 3853 haec
1196 3816 1286 3865 ,anno
1306 3794 1388 3858 393l2
1407 3799 1547 3866 Epicrates

376 3893 533 3948 Andocides
552 3892 680 3947 Cratinus
699 3892 847 3945 Eubulides
861 3889 990 3958 Spartam
1012 3891 1089 3943 missi
1108 3896 1174 3942 sunt
1193 3896 1221 3943 et
1240 3889 1303 3942 inde
1322 3888 1435 3942 reduces
1450 3904 1546 3955 pacem

376 3982 478 4037 trustra
497 3988 645 4037 suaserunt
663 3981 787 4046 Athenis,
808 3997 872 4034 mox
892 3975 977 4033 (anno
996 3974 1091 4038 soah)
1110 3978 1245 4056 Sardibus
1266 3979 1299 4033 de
1319 3994 1386 4045 pace
1400 3979 1490 4031 denuo
1506 3986 1548 4031 est

376 4060 582 4126 deliberatum.“

465 4154 487 4221 ²)
507 4156 669 4225 Foucar't,
690 4146 777 4214 Etude
796 4175 843 4213 sur
863 4159 1006 4225 Didymos,
1026 4173 1089 4225 pag.
1109 4157 1170 4209 167.

466 4245 488 4310 Β)
507 4251 581 4304 Xen.
605 4250 691 4304 llell.
718 4250 758 4315 lV,
783 4251 808 4314 8,
828 4251 875 4313 153
901 4247 942 4312 lV,
962 4248 986 4312 8,
1009 4249 1042 4300 13
1062 4246 1240 4313 proteruntur
1260 4247 1373 4300 nomina
1393 4246 1546 4314 legatorum

375 4337 584 4393 Atheniensium
605 4329 814 4405 (ἀντιπέμπουσι
833 4326 958 4402 πρέσβεις
977 4328 1196 4401 ...Ἑρμογένη
1215 4330 1261 4381 καὶ
1274 4331 1366 4382 Δι’ωνα
1386 4331 1432 4381 καὶ
1448 4330 1548 4381 Koila-

376 4422 463 4491 σθένη
483 4425 529 4474 καὶ
550 4422 780 4493 Καλλιμέδοντα),

465 4508 486 4577 4)
507 4518 680 4572 Verbotenus
704 4518 761 4571 iere
785 4534 817 4571 ex
838 4517 916 4570 Darei
937 4516 1056 4584 epistula
1077 4516 1145 4570 haec
1165 4515 1329 4583 deprompta
1355 4530 1417 4568 esse
1436 4515 1549 4567 demon-
