3667 5350
786 551 1009 616 ..04-

308 733 480 816 piraticam
504 747 637 813 quoque
653 746 801 795 exercere
822 731 996 794 instituit&
1027 728 1142 794 Nonne
1160 731 1339 794 meministi
1365 728 1494 794 horum

309 836 435 921 Polybii
448 833 471 919 ¹)
502 835 676 902 verborum
714 836 755 901 ad
787 834 991 918 Theopompi
1031 828 1217 895 Φιλιππικοὶ
1250 837 1493 918 pertinentium

311 945 539 1025 „repods‘psroc
566 940 625 1021 γὰρ
653 942 695 1010 ὡς
726 940 801 1019 περὶ
832 939 983 1020 βασιλέως
1012 940 1231 1021 sdqrurrrdrou
1263 940 1344 1020 πρὸς
1368 937 1495 1025 ἀρετὴν

312 1054 478 1128 γεγονότος
509 1047 575 1109 οὐκ
608 1044 687 1108 ἔστι
716 1055 789 1108 τῶι·
824 1043 990 1128 αἰσχρῶν
1017 1046 1070 1108 καὶ
1102 1046 1237 1108 δεινῶν
1269 1040 1287 1105 ὃ
1315 1045 1495 1125 παραλέ-

308 1152 515 1238 i.ornsv“²).
551 1155 682 1221 Nullum
709 1157 807 1238 igitur
831 1157 1020 1221 invenimus
1044 1162 1285 1236 argumentum,
1309 1171 1375 1237 quo
1393 1172 1493 1219 com-

314 1282 513 1341 moveamur,
545 1268 581 1327 ut
605 1268 760 1345 putemus
786 1280 852 1327 non
881 1281 921 1326 ex
946 1261 1061 1327 eodem
1086 1267 1219 1326 auctore
1242 1267 1344 1327 totam
1370 1259 1492 1326 lustini

314 1373 533 1436 narrationem
562 1367 711 1447 linxisse,
742 1387 840 1451 quem
865 1367 1125 1451 Theopompum,
1157 1371 1253 1434 cuius
1282 1386 1348 1433 non
1380 1385 1493 1450 pauca

312 1479 513 1543 occurrerint
536 1478 685 1558 vestigia,
709 1474 816 1541 luisse
841 1480 892 1540 est
915 1473 1095 1558 probabile.

404 1582 515 1667 Neque
539 1601 617 1648 vero
641 1582 721 1647 haec
746 1583 886 1664 proximi
910 1583 1028 1664 capitis
1045 1581 1145 1647 verba
1173 1580 1289 1665 ,legati
1307 1581 1493 1647 Athenien-

314 1692 403 1756 sium
429 1694 612 1772 petentes
637 1707 751 1772 pacem
776 1688 817 1754 ad
835 1707 909 1754 eum
927 1685 1106 1755 venerunt“
1127 1688 1233 1753 aliena
1251 1694 1331 1754 sunt
1346 1706 1365 1752 a
1380 1685 1494 1752 Theo-

316 1799 428 1880 pompi
445 1795 608 1861 adversus
625 1795 845 1861 Athenienses
869 1795 1002 1860 invidia.
1032 1794 1138 1878 litque
1155 1795 1240 1860 idem
1263 1799 1296 1860 in
1311 1792 1494 1860 Thebanos

314 1902 439 1981 odium,
464 1901 551 1986 quod
578 1905 641 1967 iam
668 1905 699 1967 in
724 1902 823 1986 cap.l
850 1900 906 1984 §4
930 1902 1085 1982 vidimus,
1109 1906 1291 1986 reperimus
1316 1904 1348 1966 in
1373 1908 1494 1985 quarta

316 2015 349 2074 et
373 2011 488 2092 quinta
512 2008 660 2074 eiusdem
687 2012 805 2092 capitis
830 2010 1045 2094 paragrapho,
1070 2011 1125 2074 nbi
1148 2011 1291 2093 legimus
1316 2007 1494 2090 ,(Boe0tii)

315 2121 410 2182 tanto
442 2115 519 2181 odio
551 2114 769 2181 Phocensium
801 2117 965 2196 ardentes,
999 2123 1034 2182 ut
1062 2117 1154 2187 ohliti
1184 2117 1326 2182 cladium
1352 2133 1492 2181 suarum

318 2223 422 2307 perire
446 2224 510 2305 ipsi
535 2240 634 2305 quam
660 2241 727 2290 non
752 2223 886 2306 perdere
910 2241 970 2289 eos
995 2222 1256 2306 praeoptarent“.

406 2327 488 2393 Tum
519 2334 627 2393 narrat
655 2329 800 2395 lustinus
830 2329 1018 2396 Phocenses
1048 2333 1185 2413 pecunia
1216 2336 1307 2395 tera
1339 2329 1493 2412 Philippo

318 2434 428 2502 soluta
458 2437 697 2518 impetravisse,
730 2455 770 2501 ne
799 2434 921 2502 bellum
954 2436 1017 2502 sibi
1052 2436 1192 2502 interret.
1239 2436 1331 2503 Unde
1355 2442 1495 2519 apparet

319 2541 510 2625 Pompeium
536 2560 575 2607 ex
599 2545 747 2625 apprime
772 2545 876 2625 perito
902 2543 1099 2627 Philippicae
1122 2546 1242 2609 aetatis
1258 2550 1391 2609 auctore
1407 2543 1493 2608 hau-

316 2651 415 2715 sisse.
463 2648 543 2715 Nam
577 2651 691 2734 reliqui
723 2656 876 2716 auctores
907 2650 1007 2717 silent
1038 2650 1098 2717 hac
1129 2650 1170 2717 de
1198 2670 1240 2718 re.
1288 2650 1411 2717 Deinde
1442 2652 1493 2716 in-

315 2755 449 2821 vehitur
477 2758 509 2820 in
534 2755 710 2823 Thebanos
743 2762 774 2822 et
798 2756 1085 2838 lacedaemonios,
1117 2762 1172 2842 qui
1204 2765 1270 2825 tam
1304 2777 1424 2842 pravos
1454 2777 1493 2825 se

320 2860 537 2946 praebuerint,
569 2867 604 2927 ut
629 2862 814 2946 Philippum
846 2863 1065 2930 adularentur.
1111 2864 1197 2931 llaec
1227 2868 1338 2931 omnia
1367 2867 1493 2949 optime

320 2968 483 3052 quadrant
507 2968 547 3034 ad
570 2968 775 3053 Theopompi
801 2970 966 3036 scribendi
992 2974 1161 3037 rationem.
1208 2971 1355 3055 Septima
1379 2979 1491 3038 autem

321 3078 354 3141 in
374 3075 580 3160 paragrapho
596 3073 775 3159 (,l²0edum
794 3095 931 3159 prorsus
950 3078 1242 3163 miserandumque
1258 3078 1494 3163 spectaculum,

165 3188 169 3201 '
209 3207 239 3265 ;.,
321 3180 490 3248 Graeciam
517 3185 613 3248 etiam
643 3187 721 3248 tunc
746 3188 778 3248 et
801 3183 928 3250 viribus
962 3190 994 3250 et
1018 3185 1176 3268 dignitate
1205 3186 1296 3253 orbis
1324 3192 1494 3266 terrarum,

248 3287 272 3332 '·
306 3306 435 3371 ,regum
468 3294 553 3354 certe
584 3292 799 3373 gentiumque
824 3309 955 3374 semper
978 3289 1162 3357 victricem“
1191 3312 1217 3359 e.
1241 3313 1272 3377 q.
1296 3295 1346 3374 sl,
1377 3293 1493 3360 Graeci

329 3394 438 3464 todem
473 3395 573 3461 modo
610 3395 758 3462 barbaris
790 3396 1017 3481 praeferuntur
1049 3417 1114 3483 quo
1147 3403 1178 3465 in
1213 3400 1418 3484 paragrapho
1451 3400 1495 3467 12

314 3556 330 3599 ι
362 3518 392 3574 o.
408 3500 439 3581 ll,
463 3519 562 3584 quarn
588 3500 667 3566 mihi
693 3503 807 3569 videor
826 3503 867 3569 ad
884 3503 1134 3589 Theopompum
1153 3506 1362 3589 rettulisseil.
1390 3507 1495 3574 Totus

315 3658 390 3707 ms,
411 3627 437 3688 r,
453 3607 553 3674 huius
582 3610 700 3692 capitis
732 3610 821 3676 color
848 3616 901 3677 est
924 3610 1220 3697 Theopompeus4).
1266 3614 1337 3680 lluc
1360 3613 1496 3694 accedit,

441 3713 550 3780 ¹naulo
591 3713 673 3780 infra
711 3716 848 3783 eandem
886 3718 1028 3801 legimus
1065 3719 1319 3803 descriptionem
1355 3720 1495 3804 Philippi

266 3885 286 3914 ,
312 3834 586 3906 .··.:ns.s·.‚„·²quam
610 3821 814 3907 Theopompi
840 3843 917 3891 esse
941 3829 1170 3911 cognovimus.
1217 3826 1364 3894 Eundem
1389 3827 1496 3895 habes

414 4029 436 4096 ²)
456 4036 550 4105 Polyb.
571 4039 636 4105 vm,
657 4041 704 4105 rs,
726 4038 792 4105 vlu,
813 4043 854 4094 11.

414 4118 434 4182 'l
454 4125 534 4188 Quod
554 4143 636 4181 causa
658 4129 720 4182 belli
741 4138 837 4183 contra
858 4129 1053 4199 Cersoblepten
1078 4135 1200 4200 suscepti
1228 4149 1283 4187 non
1303 4140 1431 4189 accurate
1450 4150 1499 4189 ex-

324 4214 416 4281 posita
437 4220 488 4279 est,
507 4230 563 4268 non
584 4204 691 4270 auctori
712 4219 851 4284 primario,
871 4221 920 4273 sed
933 4220 1025 4288 Trogo
1041 4223 1084 4275 vel
1098 4222 1204 4284 tustino
1222 4225 1400 4290 epitomatori
1419 4227 1498 4279 attri-

324 4303 465 4357 buendum
486 4310 544 4362 est.⁴

414 4387 435 4452 ³)
455 4390 495 4445 Cf.
516 4393 602 4459 Riese,
622 4394 719 4448 dahrb.
739 4394 758 4447 l,
773 4395 868 4450 Philol.
884 4397 962 4463 1870,
982 4414 1045 4466 pag.
1064 4400 1125 4464 oti,
1145 4400 1179 4454 ci.
1194 4400 1297 4470 Theop.
1317 4402 1417 4472 fragm.
1435 4404 1499 4459 297.

413 4471 434 4541 ⁴)
454 4479 560 4535 Similia
581 4488 664 4551 atque
684 4482 805 4538 lustinus
824 4480 860 4545 (c.
876 4486 917 4551 lV,
938 4480 984 4547 12)
1004 4487 1088 4543 habet
1108 4490 1256 4544 Frontinus
1275 4488 1306 4557 (l,
1325 4492 1350 4557 4,
1369 4494 1404 4546 6¹.
