3667 5350
802 575 1023 640 ,52-

324 753 436 821 verbis
463 751 654 834 ,Φίλιππος
677 745 753 813 ἐπεὶ
777 746 929 837 ἐγκρατὴς
943 750 1074 812 nolimu
1094 744 1221 828 ἐγένετο
1236 749 1416 834 χρημάτων,
1443 755 1504 817 οὐκ

324 856 489 923 ἀνάλωσεν
500 857 584 921 αὐτὰ
597 862 729 939 παχέως,
741 852 811 919 ἀλλ’
820 851 946 938 disparis
959 858 1014 920 καὶ
1030 853 1146 941 ἔρριψε
1162 861 1296 920 πάντων
1312 856 1503 941 ἀνθρώπων

323 963 471 1036 κάκιστος
494 958 539 1026 ὢν
563 962 732 1043 οἰκονόμος
755 965 793 1026 οὐ
808 971 912 1044 μόνον
926 966 1034 1046 αὐτὸς,
1058 963 1207 1026 ἀλλὰκαὶ
1226 964 1256 1026 οἱ
1272 967 1349 1048 περὶ
1368 962 1502 1047 αὑτόν“,

324 1077 492 1141 artissime
523 1073 727 1151 cohaerere¹l
756 1093 830 1139 cum
858 1072 970 1139 verbis
999 1076 1032 1138 in
1057 1073 1127 1138 Did.
1151 1074 1210 1139 col.
1235 1074 1287 1151 10,
1310 1075 1354 1140 49
1382 1076 1502 1153 allatis,

325 1181 449 1266 quibus
481 1184 671 1264 accepimus
704 1179 889 1263 Philippum
924 1198 942 1245 e
971 1177 1097 1245 CLXXX
1128 1178 1270 1246 navibus
1303 1182 1345 1247 ad
1378 1181 1500 1247 ilieron

325 1292 431 1374 captis
460 1287 537 1355 DCC
565 1288 688 1360 talenta
718 1290 898 1370 accepisse.
948 1285 1054 1362 Quam
1084 1290 1283 1352 sententiam
1313 1306 1376 1354 nos
1404 1291 1501 1371 sequi

325 1414 392 1462 non
422 1414 615 1480 possumus,
648 1396 726 1478 quia
757 1393 844 1477 apud
875 1393 1036 1459 lustinum
1069 1392 1130 1473 (IX,
1157 1406 1174 1469 Ι,
1193 1408 1219 1470 4,
1237 1392 1277 1475 5),
1308 1413 1406 1478 quem
1438 1394 1501 1459 hoc

326 1503 399 1569 loco
438 1521 478 1568 ex
512 1501 728 1585 Theopompo
768 1500 925 1566 hausisse
965 1499 1048 1565 inira
1088 1519 1164 1565 sum
1204 1501 1502 1576 demonstraturus,

326 1609 469 1692 legimus
494 1608 679 1692 Philippum
704 1626 807 1673 naves
828 1607 901 1673 illas
918 1611 1049 1690 cepisse
1069 1608 1187 1690 „longa
1203 1606 1393 1674 obsidionis
1409 1627 1502 1674 mora

326 1715 524 1782 exhaustum
558 1717 707 1799 pecunia,
742 1725 777 1780 ot
811 1713 976 1780 mercibus
1008 1714 1176 1780 distractis
1208 1715 1416 1781 anhelantem
1452 1719 1502 1780 in-

326 1826 436 1906 opiam
474 1822 656 1905 paullulum
695 1819 883 1887 recrearet“.
945 1820 1037 1885 Nunc
1074 1839 1152 1887 vero
1185 1824 1344 1904 inspicias
1375 1841 1502 1906 quaeso

327 1947 499 1994 numerum
526 1931 669 1994 navium.
709 1927 789 1994 Cum
815 1927 1030 1994 Philochorus
1054 1928 1223 1994 tradiderit
1247 1926 1375 1994 CCXXX
1398 1947 1503 1995 naves

326 2042 441 2120 captas
474 2054 568 2114 esse,
599 2034 835 2119 Theopompus
869 2037 1005 2118 scripsit
1036 2033 1171 2114 CLXXX,
1202 2036 1291 2118 quod
1324 2036 1502 2102 discrimen

327 2146 391 2208 iam
424 2142 568 2208 editores
594 2141 825 2208 berolinenses
848 2141 933 2223 (Did.
957 2159 1039 2207 com.
1065 2161 1139 2225 pag.
1161 2142 1215 2220 50)
1240 2146 1292 2207 usi
1318 2142 1502 2210 Philochori

326 2249 437 2315 verbis
465 2243 660 2329 ,ἐπικρίνων
676 2245 716 2308 τὰ
742 2246 884 2324 πολέμια
907 2245 1032 2308 διέλυε“
1060 2251 1104 2314 ita
1129 2251 1329 2332 interpretati
1354 2256 1441 2327 sunt,
1467 2257 1503 2316 ut

327 2362 480 2441 putarent
504 2355 690 2439 Philippum
716 2364 839 2434 eorum,
863 2357 919 2438 qui
945 2354 1009 2420 sibi
1035 2373 1101 2420 non
1123 2354 1233 2421 infesti
1251 2362 1374 2436 essent,
1398 2376 1503 2423 naves

326 2461 529 2541 dimisisseil
554 2465 664 2546 itaque
688 2462 776 2527 hunc
800 2464 994 2545 scriptorem
1010 2465 1158 2527 omnium
1176 2464 1310 2528 navium
1328 2482 1503 2529 numerum

328 2568 537 2655 praebuisse,
571 2570 661 2635 illum
695 2569 835 2635 hostiles
867 2575 1010 2648 tantum,
1038 2587 1123 2652 quae
1155 2575 1299 2636 retentae
1330 2576 1419 2650 sunt,
1452 2573 1504 2637 in-

326 2679 504 2744 tellexisse.
561 2676 596 2743 Si
629 2694 707 2743 vero
744 2676 1008 2742 consideraveris
1042 2676 1202 2743 lustinum
1237 2678 1319 2744 nihil
1350 2678 1504 2745 exhibere

326 2786 391 2850 nisi
416 2787 594 2867 epitomam
617 2783 749 2867 Pompei
766 2782 862 2867 Trogi
879 2784 1097 2849 ilistoriarum
1115 2783 1382 2868 Philippicarum,
1407 2784 1503 2852 iacile

328 2890 500 2974 intelleges
531 2897 636 2956 totum
667 2890 755 2956 illius
785 2891 893 2956 locum
918 2908 936 2956 e
959 2889 1174 2975 Theopompo
1203 2891 1359 2958 haustum
1384 2891 1504 2974 esse³).

417 2997 481 3062 lam
521 3016 699 3081 pergamus
738 2997 779 3062 ad
820 2997 945 3080 reliqua
983 2996 1177 3080 fragmenta.
1231 2996 1336 3073 Quam
1376 3018 1443 3065 rem
1484 3018 1503 3064 a

330 3103 480 3187 Philippo
508 3110 636 3187 gestam
661 3103 898 3187 Theopompus
923 3107 1111 3184 narraverit
1141 3124 1214 3170 cum
1237 3104 1503 3190 dlelinophagos‚

328 3215 459 3295 gentem
480 3210 661 3292 Thraciam,
686 3213 967 3292 commemoraret,
991 3214 1171 3278 nescimus.
1213 3212 1326 3296 Neque
1350 3216 1436 3280 enim
1462 3215 1503 3280 de

330 3321 371 3384 iis
395 3320 572 3401 quicquam
597 3319 686 3384 aliud
712 3325 828 3384 notum
852 3333 905 3384 est
929 3321 993 3384 nisi
1018 3338 1131 3385 eorum
1157 3322 1359 3386 mentionem
1382 3320 1502 3387 iactam

206 3455 209 3460 <
328 3442 406 3491 esse
419 3427 452 3490 in
468 3423 551 3491 libro
563 3424 659 3490 XllX.
673 3424 706 3490 ln
721 3423 804 3491 libro
819 3424 936 3491 xlviii
948 3443 1027 3491 vero
1039 3433 1096 3492 aut
1113 3428 1146 3492 in
1161 3425 1244 3493 libro
1259 3426 1348 3493 XllX
1363 3427 1504 3495 debello

328 3531 487 3615 Byzantio
518 3536 626 3596 actum
659 3549 735 3597 esse
769 3551 870 3615 sopra
894 3532 1051 3598 vidimus.
1098 3533 1173 3600 Veri
1198 3536 1298 3617 igitur
1320 3540 1372 3601 est
1396 3537 1505 3603 simile

328 3639 392 3704 hoc
414 3637 635 3721 fragmentum
661 3637 867 3704 referendum
892 3657 969 3706 esse
993 3640 1034 3705 ad
1054 3639 1275 3707 macedonum
1293 3641 1503 3725 proeliatum

330 3765 404 3812 cum
428 3744 611 3811 Thracibus
635 3748 825 3812 commissa.

419 3853 582 3919 Venimus
605 3853 647 3918 ad
673 3851 791 3918 librum
810 3852 840 3933 l,
865 3872 932 3938 quo
957 3872 1010 3920 res
1029 3855 1118 3937 apud
1136 3854 1296 3921 Triballos
1313 3861 1345 3921 et
1360 3854 1504 3939 Scythas

421 4045 441 4109 ¹)
461 4050 515 4104 lam
535 4051 561 4104 d.
581 4050 613 4105 (ἱ.
633 4051 832 4119 Droysen,
852 4053 892 4109 Xl.
912 4052 991 4107 Schr.
1011 4070 1035 4107 z.
1049 4069 1073 4107 a.
1089 4053 1189 4108 (iesch.
1209 4053 1217 4105 l
1238 4069 1264 4121 p.
1280 4054 1340 4119 169,
1360 4055 1506 4111 contendit

328 4138 430 4207 fragm.
449 4139 502 4192 249
523 4142 658 4207 respicere
677 4141 712 4194 ad
732 4141 797 4195 lust.
817 4141 857 4207 lX,
877 4150 896 4204 1,
909 4156 930 4204 ο,
944 4155 965 4195 5.

420 4217 552 4287 ²)Pront.
571 4227 692 4297 Strateg.
712 4230 730 4294 Ι,
749 4231 774 4295 4,
795 4232 836 4283 13.
874 4229 1068 4285 δοὴοεῐοτ
1087 4224 1129 4285 ll'
1149 4248 1174 4300 p.
1193 4233 1255 4297 516,
1274 4235 1299 4286 1.

421 4309 442 4376 ¹)
463 4316 557 4385 ltaque
576 4333 633 4371 non
653 4318 760 4385 dubito,
781 4322 847 4388 quin
871 4321 945 4387 apud
966 4321 1109 4387 lustinum,
1129 4322 1204 4390 quod
1224 4324 1278 4377 iam
1299 4329 1507 4390 proposuerunt

331 4405 399 4459 edit.
418 4405 515 4470 Berol„
538 4407 715 4461 scribendum
741 4410 779 4462 sit
800 4411 907 4476 „captis
928 4411 1021 4478 itaque
1040 4409 1146 4464 CLXXX
1166 4400 1312 4465 navibus“.
1350 4411 1417 4465 llam
1438 4411 1505 4465 illud

330 4493 353 4546 X
373 4492 454 4548 facile
473 4495 566 4561 potuit
585 4497 676 4551 omitti
695 4512 711 4551 a
731 4498 853 4553 librario.
