3667 5350
802 571 1028 636 -γῖ-

325 750 463 834 Philippi
495 753 648 816 virtutem
686 748 841 815 laudibus
866 749 1026 815 extulisse
1064 748 1196 834 (Theop.
1224 752 1319 834 frgm.
1347 751 1400 831 2T,
1435 750 1502 834 28).

324 856 431 941 Atque
463 876 563 940 saepe
594 855 831 939 Theopompus
862 855 941 921 fecit
968 855 1068 921 verba
1100 855 1141 922 de
1175 856 1262 923 illius
1295 857 1503 942 aliorumque

326 966 488 1029 conviviis
513 962 565 1044 (cf.
589 962 791 1046 Theopomp.
814 961 931 1044 fragm.
956 962 1031 1042 124,
1056 963 1227 1043 135,178‚
1256 963 1343 1045 249).
1390 965 1504 1048 ltaque

327 1073 445 1135 mirum
471 1087 537 1134 non
562 1075 622 1146 est,
647 1068 735 1152 quod
760 1068 998 1152 Theopompus
1016 1072 1048 1135 in
1074 1073 1353 1153 comparationem
1372 1075 1505 1137 vocavit

327 1177 415 1242 illius
444 1175 571 1255 „arma“
597 1181 628 1241 et
654 1173 856 1254 „convivia“.
896 1174 1020 1241 Deinde
1045 1178 1179 1258 scripsit
1203 1177 1349 1242 lustinus
1374 1177 1507 1257 ,Divi-

327 1286 475 1348 tiarum
501 1288 677 1366 quaestu
707 1299 820 1365 quam
846 1281 1037 1347 custodia
1062 1282 1233 1348 sollertior.
1280 1283 1390 1366 ltaque
1420 1286 1506 1349 inter

325 1389 511 1455 cotidianas
543 1392 676 1471 rapinas
705 1407 837 1470 semper
867 1390 965 1471 inops
995 1388 1094 1455 erat“,
1140 1389 1344 1465 Quibuscum
1379 1394 1507 1472 optime

295 1543 299 1550 .
327 1499 541 1562 consentiunt
572 1496 651 1560 haec
675 1494 881 1577 Theopompi
906 1494 1015 1575 verba,
1048 1514 1132 1578 quae
1156 1494 1289 1560 tradidit
1313 1495 1506 1562 Athenaeus

329 1605 360 1667 in
386 1601 469 1667 libro
494 1607 610 1684 quarto
635 1653 648 1681 ,‚
658 1598 827 1669 Φίλιππος
851 1595 926 1660 ἐπεὶ
951 1594 1103 1685 ἐγκρατὴς
1126 1599 1255 1661 πολλῶν
1279 1595 1404 1678 ἐγένετο
1428 1620 1507 1684 χρη-

327 1710 449 1788 μάτων,
483 1708 548 1768 οὐκ
580 1704 781 1768 ἀνάλωσεν
805 1705 907 1767 αὐτὰ
936 1710 1110 1784 ταχέως,
1141 1702 1223 1768 ἀλλ’
1247 1701 1412 1787 ἐξέβαλε
1442 1709 1510 1768 καὶ

329 1809 490 1898 immod
518 1834 544 1880 e.
568 1835 598 1898 q.
623 1833 649 1879 s.
675 1812 806 1896 (fragm.
830 1811 917 1895 249).
965 1812 1046 1879 Cum
1071 1833 1148 1880 vero
1178 1814 1328 1898 legamus
1356 1816 1509 1895 ,miseri--

329 1920 440 1988 cordia
465 1924 496 1986 in
522 1939 560 1986 eo
586 1927 616 1986 et
641 1918 779 2002 perfidia
803 1923 872 2003 pari
899 1923 968 1986 iure
992 1919 1148 1986 dilectae“
1169 1924 1381 1987 meminimus
1409 1922 1509 1988 lusti-

330 2047 410 2093 num
435 2029 625 2104 narravisse
640 2023 713 2108 (Vll,
737 2038 779 2103 Vl,
805 2024 850 2107 ro)
867 2026 1052 2109 Philippum
1070 2027 1232 2093 adversus
1254 2027 1369 2093 hostes
1392 2030 1508 2094 mitem

330 2133 445 2200 fuisse.
482 2132 569 2198 llaec
593 2139 702 2198 autem
729 2131 923 2216 deprompta
949 2140 1041 2199 erant
1065 2153 1104 2199 ex
1120 2133 1334 2218 Theopompo
1358 2132 1409 2210 (cf.
1433 2152 1511 2218 pag.

330 2236 396 2322 59).
443 2238 658 2322 Eundemque
687 2242 887 2322 saepissime
912 2242 945 2304 in
972 2239 1111 2323 Philippi
1137 2239 1309 2323 perfidiam
1341 2243 1509 2306 inuectum

331 2366 407 2414 esse
433 2348 686 2412 commemoravi
713 2364 814 2429 supra
838 2349 983 2429 saepius.
1030 2345 1136 2429 Atque
1161 2349 1316 2429 quotiens
1346 2365 1420 2412 eum
1447 2347 1510 2412 ob·
1545 2397 1548 2404 .

332 2456 480 2537 iurgavit,
506 2451 593 2536 quod
620 2455 743 2517 nemini
769 2450 870 2518 iidem
896 2455 1133 2535 praestitisset!
1173 2453 1283 2537 ltaque
1308 2456 1405 2519 etiam
1431 2451 1510 2535 §58

332 2566 364 2626 et
387 2560 408 2625 9
432 2558 472 2625 ad
495 2563 568 2625 eius
596 2551 784 2619 Φιλιππικοὶ
808 2557 955 2624 referam.
995 2558 1107 2642 Neque
1132 2559 1216 2625 male
1241 2561 1404 2643 quadrant
1426 2558 1511 2626 haec

332 2666 430 2734 verba
466 2666 656 2748 „Amicitias
689 2666 836 2746 utilitate,
865 2684 932 2732 non
961 2664 1028 2732 fide
1058 2664 1204 2733 colebat“
1232 2667 1272 2733 ad
1303 2666 1509 2751 Theopompi

332 2773 447 2857 fragm.
464 2774 516 2853 27,
541 2772 596 2839 ubi
620 2773 763 2856 legimus
784 2767 1001 2855 ,ddlxdroz‘ov
1018 2770 1052 2833 δὲ
1068 2772 1124 2833 καὶ
1139 2776 1513 2855 κακοπραγμονέστατον

333 2879 410 2963 περὶ
433 2878 491 2949 τὰς
520 2877 623 2959 φίλων
646 2877 875 2948 κατασκευάςίί
923 2879 962 2945 Ut
993 2880 1139 2946 lustinus
1164 2879 1274 2946 verbis
1302 2881 1513 2963 „eloquentia

335 2984 391 3069 [et]
420 2982 564 3069 insignis
594 2984 717 3052 oratio“
747 2989 790 3051 ita
813 2985 1050 3069 Theopompus
1075 2989 1346 3052 commemoravit
1370 2985 1511 3070 Philippi

335 3093 522 3159 facultatem
542 3093 671 3158 dicendi
690 3092 743 3159 his
760 3091 872 3157 verbis
892 3100 1027 3173 „roomo
1043 3089 1077 3152 δὲ
1093 3091 1319 3153 δυνατώτατον
1335 3085 1370 3153 ἐν
1385 3090 1507 3169 loyor&

334 3197 463 3283 (fragm.
486 3197 541 3279 28)
562 3200 582 3277 ).

425 3306 572 3388 Denique
619 3308 769 3389 sequitur
808 3307 1042 3386 σύγκρισις,
1091 3324 1176 3389 quae
1208 3312 1353 3381 vocatur,
1392 3305 1513 3371 Phil-

337 3415 426 3496 ippi
462 3417 502 3478 et
534 3411 792 3491 Alexandri,
832 3411 887 3477 ubi
928 3411 1016 3477 illius
1054 3430 1164 3477 mores
1196 3412 1337 3478 eundem
1373 3414 1404 3477 in
1439 3430 1514 3478 mo-

320 3519 415 3588 dum
450 3537 516 3602 quo
550 3536 650 3602 supra
688 3515 963 3598 describunturtl.
1019 3518 1125 3601 Atque
1158 3518 1409 3601 Theopompum
1443 3518 1514 3585 fere

338 3629 500 3709 integrum
526 3622 814 3708 deprehendimus,
839 3643 912 3690 cum
937 3625 1086 3708 legamus
1110 3625 1190 3690 haec
1216 3622 1305 3706 (lust.
1322 3624 1367 3705 lli,
1384 3637 1449 3703 vill,
1465 3622 1515 3707 15)

340 3733 443 3813 ,Patri
461 3750 536 3798 mos
554 3738 621 3797 erat
638 3711 738 3797 etiam
754 3729 801 3796 de
826 3733 1010 3797 convivio
1033 3734 1072 3796 in
1093 3729 1252 3796 hostem
1269 3748 1512 3813 procurrere,

339 3858 494 3904 manum
515 3855 744 3917 conserere,
762 3837 965 3920 periculis
990 3856 1031 3904 se
1055 3835 1399 3903 temereofferre“.
1423 3836 1514 3914 Quo-

428 4014 449 4079 1)
469 4019 543 4073 llaec
563 4021 647 4073 verba
677 4012 704 4080 (ἓ
724 4014 750 4076 T)
781 4018 874 4080 ,Nulla
904 4019 977 4085 apud
1005 4034 1066 4072 eum
1092 4020 1181 4085 turpis
1206 4020 1277 4072 ratio
1303 4013 1448 4073 vincendi“
1475 4020 1513 4072 ob

340 4110 427 4163 totius
446 4108 500 4162 loci
520 4124 655 4162 conexum
677 4108 810 4161 vertenda
832 4123 892 4161 esse
912 4114 981 4174 puto
1003 4108 1104 4165 „Keine
1118 4106 1168 4161 Art
1187 4108 1243 4160 und
1256 4107 1345 4161 Weise
1364 4123 1398 4161 zu
1417 4109 1513 4175 siegen

340 4198 407 4251 hielt
427 4213 455 4250 er
474 4196 518 4251 fur
537 4186 740 4264 schimpflich“.
769 4195 855 4250 Aliter
874 4203 969 4250 censet
988 4194 1126 4250 Schubert
1146 4189 1184 4263 (p.
1205 4192 1257 4261 27),
1279 4198 1322 4250 cui
1342 4197 1458 4250 obstant
1472 4211 1514 4260 ea,

341 4302 411 4354 quae
431 4287 548 4354 legimus
568 4287 594 4338 in
615 4279 631 4347 §
651 4286 693 4338 12.
1145 4272 1153 4291 ⁸

429 4364 451 4437 2)
471 4374 538 4429 Cum
567 4375 660 4428 verbis
694 4375 787 4442 ,Vini
817 4376 917 4427 nimis
942 4381 1056 4442 uterque
1081 4369 1223 4427 avidus“
1251 4374 1379 4428 conferas
1408 4389 1515 4442 quaeso

340 4464 443 4531 Theop,
457 4463 603 4532 fragm.27
626 4455 776 4526 „danastri
795 4452 968 4527 γεγονότα
988 4458 1045 4508 καὶ
1062 4453 1149 4528 πρὸς
1168 4453 1226 4515 τὰς
1240 4456 1516 4528 ἅκρατοποσὶας“

341 4560 369 4607 et
388 4552 486 4621 fragm.
507 4553 558 4605 179
580 4543 780 4615 ,φιλοπότης
801 4536 859 4615 qh(
898 4550 938 4605 Cf.
958 4554 1041 4606 etiam
1061 4552 1160 4620 fragm.
1182 4553 1241 4605 136.
