3667 5350
819 578 1040 644 „73-

338 778 413 827 cum
438 762 498 825 viri
524 760 611 825 docti
636 761 700 823 iam
726 757 928 840 protulerint,
954 755 1026 821 libri
1044 755 1065 820 4
1081 754 1263 838 fragmenta
1281 755 1302 820 9
1319 761 1349 821 et
1366 756 1409 821 10
1424 774 1517 821 com-

339 883 495 945 memoro
514 884 598 948 quae
621 863 662 930 ad
683 863 723 929 0l.
749 863 821 941 106,
838 862 859 927 4
876 859 1070 946 spectant¹l.
1093 861 1276 927 Tractanda
1300 869 1409 929 autem
1435 868 1517 929 sunt

338 971 523 1056 fragmenta
548 972 580 1034 in
599 969 669 1035 Did.
687 969 791 1048 3018,
816 968 858 1032 15
881 973 913 1034 et
929 968 958 1045 6,
982 968 1026 1033 60
1050 974 1188 1045 seruata,
1214 986 1353 1050 quorum
1374 969 1514 1038 alterum

340 1078 381 1143 ad
400 1096 471 1144 eam
490 1077 686 1160 legationem
704 1078 853 1159 pertinet,
872 1093 970 1157 quam
981 1074 1116 1158 Lycisco
1131 1074 1288 1140 archonte
1305 1077 1342 1152 (a.
1354 1073 1516 1159 3441343)

339 1204 393 1250 rex
411 1184 580 1250 Persarum
599 1182 746 1249 Athenas
772 1183 871 1246 misit.
911 1181 1019 1247 Altero
1044 1180 1085 1246 de
1110 1187 1213 1246 morte
1230 1181 1381 1247 Hermiae
1396 1185 1516 1266 agitur,

339 1290 428 1374 quod
457 1309 495 1355 ex
520 1294 614 1356 sexto
640 1287 722 1354 libro
747 1294 917 1372 sumptum
943 1306 1019 1353 esse
1044 1286 1206 1369 Didymus
1229 1286 1374 1353 aliirmat
1395 1285 1468 1368 (col.
1486 1291 1517 1369 6,

339 1396 404 1478 61).
438 1395 517 1463 Cum
543 1414 620 1461 uero
646 1394 733 1460 hunc
758 1394 864 1459 hieme
889 1393 1036 1474 3421341
1061 1413 1079 1458 3
1104 1393 1254 1459 lllentore
1279 1393 1407 1461 Rhodio
1431 1398 1516 1463 sub-

338 1504 439 1569 latum
458 1520 535 1568 esse
552 1497 703 1582 Noerte²l
720 1499 827 1566 lirmis
843 1503 1048 1584 argumentis
1066 1499 1350 1580 demonstraverit,
1373 1500 1514 1568 dubium

337 1628 403 1675 non
434 1614 500 1687 est,
526 1611 604 1691 quin
635 1628 674 1674 ex
703 1606 819 1673 eodem
850 1607 933 1672 libro
961 1607 1098 1673 alterum
1129 1625 1262 1690 quoque
1290 1606 1513 1691 fragmentum

338 1718 370 1781 in
396 1715 454 1781 col.
472 1715 501 1794 8,
526 1715 568 1779 15
592 1713 748 1780 traditum
774 1713 1005 1796 depromptum
1031 1716 1084 1779 sit.
1116 1713 1210 1789 Quod
1228 1716 1257 1778 si
1277 1720 1361 1780 recte
1378 1718 1515 1796 conieci,

337 1825 369 1887 in
395 1841 432 1888 ea
452 1818 664 1881 Φιλιππικῶν
689 1825 788 1903 parte,
813 1839 897 1903 quae
922 1818 984 1885 iuit
1008 1822 1091 1886 inter
1116 1819 1176 1885 hoc
1195 1825 1226 1885 et
1243 1820 1407 1886 decimum
1423 1821 1514 1907 trag-

337 1914 502 1995 mentum'
523 1946 576 1993 res
612 1927 653 1993 ol.
685 1926 749 1991 107
779 1932 810 1992 31
841 1926 906 1992 108
940 1923 980 2007 (a.
1013 1923 1364 2009 3521351-3451344)
1396 1935 1515 2011 gestae

336 2039 484 2101 narratae
523 2039 622 2099 erant.
678 2032 828 2117 Septimo
864 2031 983 2098 deinde
1020 2035 1052 2098 in
1086 2032 1169 2099 libro
1205 2034 1406 2116 descriptum
1443 2043 1514 2102 erat

336 2140 457 2207 bellum
488 2159 507 2205 a
532 2139 681 2223 Philippo
704 2138 886 2205 Thracibus
916 2158 944 2204 a.
969 2139 1114 2219 3421341
1141 2140 1276 2219 illatum,
1306 2141 1394 2223 quod
1420 2160 1512 2207 com-

336 2248 482 2330 positum
509 2251 561 2312 est
584 2265 612 2311 3.
629 2243 784 2328 3401339.
824 2246 894 2322 Qua
920 2265 958 2312 ex
983 2249 1169 2312 narratione
1190 2247 1336 2313 relictum
1356 2253 1406 2313 est
1421 2246 1512 2332 irag-

336 2359 484 2420 mentum
509 2352 550 2418 11
582 2352 670 2436 apud
700 2352 990 2435 llarpocrationem
1020 2371 1048 2418 s.
1076 2373 1104 2418 ν.
1130 2354 1302 2439 Μᾴστειρα
1331 2351 1512 2436 3313133333).

334 2459 513 2542 Eidemque
538 2458 620 2525 libro
643 2461 765 2524 inserta
784 2458 845 2525 luit
867 2458 1102 2526 Demosthenis
1124 2479 1208 2542 quae
1228 2458 1330 2525 fertur
1350 2463 1455 2527 oratio
1477 2464 1510 2527 in

336 2566 474 2650 Philippi
510 2566 686 2650 epistulam
720 2561 876 2648 habita⁴).
926 2565 1038 2650 Neque
1063 2566 1188 2646 dubit0,
1213 2569 1292 2650 quin
1324 2566 1439 2633 eodem
1476 2571 1510 2634 in

335 2674 418 2740 libro
454 2677 615 2740 exstiterit
650 2692 716 2739 non
753 2672 861 2739 solum
899 2672 1038 2758 Philippi
1076 2693 1160 2758 quae
1195 2681 1330 2740 vocatur
1367 2676 1509 2759 epistula

335 2783 364 2846 si
401 2783 469 2845 iure
493 2779 687 2845 Anaximeni
720 2775 944 2862 attribuitur⁶),
976 2780 1035 2846 sed
1069 2784 1166 2846 etiam
1201 2783 1399 2848 narrationis
1432 2781 1509 2848 belli

334 2893 446 2953 contra
471 2884 656 2952 Perinthios
681 2892 712 2951 et
736 2886 913 2970 Byzantios
938 2890 1024 2971 gesti
1049 2906 1126 2971 pars
1151 2891 1247 2971 prior.
1294 2888 1406 2971 Neque
1429 2908 1512 2956 vero

334 2996 453 3059 mirum
487 2998 540 3059 est
573 3011 647 3058 eum
682 2991 774 3059 libris
809 2996 882 3059 suis
915 2996 1069 3060 iniecisse
1095 2992 1233 3077 Philippi
1266 2995 1442 3078 epistulam
1478 3002 1509 3062 et

333 3102 514 3165 orationem
541 3101 574 3164 in
599 3099 686 3164 illam
708 3098 863 3181 habitam,
887 3119 962 3166 cum
988 3103 1086 3166 etiam
1102 3100 1313 3185 Thucydides
1337 3107 1435 3185 atque
1452 3102 1507 3194 alii

333 3225 439 3272 rerum
466 3208 645 3289 scriptores
669 3208 843 3289 orationes
861 3212 960 3289 atque
985 3208 1146 3290 epistulas
1171 3206 1263 3273 libris
1281 3211 1354 3274 suis
1371 3208 1511 3292 iniigere

333 3312 422 3379 soliti
448 3314 518 3377 sint
540 3318 639 3395 atque
663 3312 884 3379 Anaximenes
910 3315 942 3378 in
968 3316 1084 3397 primis
1108 3313 1205 3379 luerit
1229 3312 1346 3380 rhetor.

423 3417 467 3482 Ex
495 3423 612 3483 octavo
637 3423 745 3484 autem
772 3418 854 3485 libro
879 3419 1074 3503 deprompta
1098 3426 1177 3486 sunt
1200 3420 1384 3504 fragmenta
1409 3421 1451 3487 12
1476 3429 1509 3489 et

333 3633 359 3684 p.
373 3616 435 3670 292.
464 3616 687 3682 Reichmann,
708 3617 724 3670 l.
745 3633 767 3671 3.
788 3633 813 3684 p.
834 3618 868 3671 64
881 3634 943 3686 sqq.
971 3619 1505 3689 1163313,1133333.ΧΧ111,1891,ρ.95.

331 3703 465 3759 Conferas
485 3707 568 3759 etiam
588 3706 619 3759 V.
639 3705 852 3773 Strazzulla,
874 3707 935 3764 Klio
956 3708 996 3772 lli,
1017 3709 1086 3761 1903
1106 3724 1132 3775 p.
1151 3709 1213 3773 325,
1233 3709 1360 3775 lloech,
1381 3711 1441 3768 Klio
1463 3711 1506 3777 lV,

332 3810 357 3861 p.
377 3795 438 3848 265.

423 3878 642 3949 11831333133,
668 3878 698 3937 1¹
723 3900 748 3951 p.
768 3885 829 3949 507,
858 3875 900 3937 ll²
919 3901 946 3952 p.
965 3885 1009 3952 28,
1028 3887 1053 3938 2.
1092 3886 1312 3950 Reichmann,
1337 3887 1353 3940 l.
1373 3904 1395 3941 c.
1416 3903 1442 3954 p.
1462 3890 1508 3942 65.

420 3962 441 4031 ²)
462 3971 492 4025 31.
512 3973 655 4037 Koerte,
675 3973 704 4026 N.
726 3973 774 4029 Rh.
796 3974 866 4026 Nus.
888 3974 936 4039 tx,
957 3975 1035 4038 1905,
1051 3990 1114 4043 pag.
1133 3975 1194 4028 395.

420 4055 442 4121 ⁸)
463 4060 500 4114 De
520 4060 573 4113 hoc
593 4063 706 4115 nomine
725 4061 759 4116 cl.
780 4061 960 4128 53633133,
981 4053 1018 4116 lli
1037 4078 1063 4130 p.
1083 4064 1143 4125 447,
1163 4065 1188 4116 4.

419 4139 441 4209 4)
464 4148 522 4201 Did.
545 4150 663 4214 colli,
691 4150 732 4203 10.
770 4150 971 4215 Wendland,
995 4152 1011 4204 l.
1032 4154 1222 4220 c.p.1-12;
1248 4153 1390 4207 Nitsche
1415 4170 1441 4221 p.
1461 4155 1505 4220 79,

330 4253 357 4306 p.
376 4238 424 4304 85;
446 4236 598 4292 Foucart
619 4239 634 4291 l.
654 4254 677 4292 c.
698 4255 723 4306 p.
744 4240 779 4292 78
798 4256 858 4308 sqq.
896 4239 923 4293 ln
945 4240 1005 4294 Did.
1024 4241 1076 4294 col.
1096 4244 1138 4304 11,
1158 4243 1191 4294 11
1212 4242 1357 4309 legendum
1378 4258 1439 4297 esse
1458 4240 1505 4290 καὶ

328 4317 383 4394 γὰρ
403 4318 435 4391 al
456 4329 611 4394 nuperrime
635 4330 744 4382 monuit
763 4330 803 4382 W.
823 4329 1003 4395 Croenert,
1027 4329 1104 4384 Gdtt.
1124 4330 1182 4384 (iel.
1208 4330 1275 4385 huz.
1295 4332 1373 4397 1907,
1397 4349 1423 4400 p.
1443 4334 1506 4387 267.

417 4410 438 4475 ³)
457 4415 662 4481 Wendland‚
682 4416 698 4469 l.
710 4417 726 4471 l.
738 4434 764 4485 p.
776 4419 818 4471 17.
848 4418 1312 4485 1111336311381,153173.
1342 4422 1505 4487 63333331,

328 4505 345 4560 1.
365 4521 388 4559 3.
410 4521 435 4573 p.
455 4506 497 4559 91.
