<?xml version="1.0" encoding="UTF-8"?>
<!DOCTYPE html PUBLIC "-//W3C//DTD XHTML 1.0 Transitional//EN"
    "http://www.w3.org/TR/xhtml1/DTD/xhtml1-transitional.dtd">
<html xmlns="http://www.w3.org/1999/xhtml" xml:lang="en" lang="en">
 <head>
  <title>
</title>
<meta http-equiv="Content-Type" content="text/html;charset=utf-8" />
  <meta name='ocr-system' content='tesseract 3.04.00' />
  <meta name='ocr-capabilities' content='ocr_page ocr_carea ocr_par ocr_line ocrx_word'/>
</head>
<body>
  <div class='ocr_page' id='page_1' title='image "./studiadidymeahi00florgoog_0078.png"; bbox 0 0 3667 5350; ppageno 0'>
   <div class='ocr_carea' id='block_1_1' title="bbox 827 612 1050 677">
    <p class='ocr_par' dir='ltr' id='par_1_1' title="bbox 827 612 1050 677">
     <span class='ocr_line' id='line_1_1' title="bbox 827 612 1050 677; baseline 0.004 -22"><span class='ocrx_word' id='word_1_1' title='bbox 827 612 1050 677; x_wconf 70' lang='lat'>„08-</span> 
     </span>
    </p>
   </div>
   <div class='ocr_carea' id='block_1_2' title="bbox 349 787 1539 3655">
    <p class='ocr_par' dir='ltr' id='par_1_2' title="bbox 353 787 1534 1835">
     <span class='ocr_line' id='line_1_2' title="bbox 353 787 1533 875; baseline -0.005 -16"><span class='ocrx_word' id='word_1_2' title='bbox 353 794 393 859; x_wconf 92' lang='lat' dir='ltr'>de</span> <span class='ocrx_word' id='word_1_3' title='bbox 416 791 610 870; x_wconf 91' lang='lat' dir='ltr'>rationibus,</span> <span class='ocrx_word' id='word_1_4' title='bbox 635 809 720 875; x_wconf 90' lang='lat' dir='ltr'>quae</span> <span class='ocrx_word' id='word_1_5' title='bbox 739 793 821 856; x_wconf 88' lang='lat' dir='ltr'>inter</span> <span class='ocrx_word' id='word_1_6' title='bbox 845 789 1034 872; x_wconf 83' lang='lat' dir='ltr'><strong>Philippum</strong></span> <span class='ocrx_word' id='word_1_7' title='bbox 1057 794 1089 854; x_wconf 93' lang='lat' dir='ltr'>et</span> <span class='ocrx_word' id='word_1_8' title='bbox 1110 787 1247 854; x_wconf 70' lang='lat' dir='ltr'>Atheam</span> <span class='ocrx_word' id='word_1_9' title='bbox 1275 791 1533 870; x_wconf 79' lang='lat' dir='ltr'>intercesserint,</span> 
     </span>
     <span class='ocr_line' id='line_1_3' title="bbox 353 894 1531 983; baseline 0 -17"><span class='ocrx_word' id='word_1_10' title='bbox 353 902 460 983; x_wconf 91' lang='lat' dir='ltr'>capite</span> <span class='ocrx_word' id='word_1_11' title='bbox 493 899 513 963; x_wconf 97' lang='lat' dir='ltr'>ll</span> <span class='ocrx_word' id='word_1_12' title='bbox 551 900 673 982; x_wconf 90' lang='lat' dir='ltr'>scripta</span> <span class='ocrx_word' id='word_1_13' title='bbox 716 902 808 975; x_wconf 92' lang='lat' dir='ltr'>sunt,</span> <span class='ocrx_word' id='word_1_14' title='bbox 849 899 986 961; x_wconf 87' lang='lat' dir='ltr'>minime</span> <span class='ocrx_word' id='word_1_15' title='bbox 1026 894 1111 961; x_wconf 88' lang='lat' dir='ltr'>lacta</span> <span class='ocrx_word' id='word_1_16' title='bbox 1151 913 1236 962; x_wconf 88' lang='lat' dir='ltr'>esse.</span> <span class='ocrx_word' id='word_1_17' title='bbox 1291 894 1403 981; x_wconf 83' lang='lat' dir='ltr'>Neque</span> <span class='ocrx_word' id='word_1_18' title='bbox 1439 902 1531 966; x_wconf 91' lang='lat' dir='ltr'>enim</span> 
     </span>
     <span class='ocr_line' id='line_1_4' title="bbox 354 1001 1531 1089; baseline 0.001 -18"><span class='ocrx_word' id='word_1_19' title='bbox 354 1006 591 1089; x_wconf 77' lang='lat' dir='ltr'>Theopompus</span> <span class='ocrx_word' id='word_1_20' title='bbox 624 1004 790 1070; x_wconf 81' lang='lat' dir='ltr'>Herodoto</span> <span class='ocrx_word' id='word_1_21' title='bbox 825 1021 924 1086; x_wconf 94' lang='lat' dir='ltr'>quam</span> <span class='ocrx_word' id='word_1_22' title='bbox 955 1001 1137 1085; x_wconf 85' lang='lat' dir='ltr'>Thucydidi</span> <span class='ocrx_word' id='word_1_23' title='bbox 1175 1002 1315 1069; x_wconf 75' lang='lat' dir='ltr'>similior</span> <span class='ocrx_word' id='word_1_24' title='bbox 1350 1005 1382 1070; x_wconf 92' lang='lat' dir='ltr'>id</span> <span class='ocrx_word' id='word_1_25' title='bbox 1417 1006 1531 1072; x_wconf 90' lang='lat' dir='ltr'>solum</span> 
     </span>
     <span class='ocr_line' id='line_1_5' title="bbox 353 1111 1531 1196; baseline 0.001 -18"><span class='ocrx_word' id='word_1_26' title='bbox 353 1116 428 1196; x_wconf 90' lang='lat' dir='ltr'>egit,</span> <span class='ocrx_word' id='word_1_27' title='bbox 460 1118 496 1177; x_wconf 91' lang='lat' dir='ltr'>ut</span> <span class='ocrx_word' id='word_1_28' title='bbox 526 1130 579 1178; x_wconf 92' lang='lat' dir='ltr'>res</span> <span class='ocrx_word' id='word_1_29' title='bbox 609 1117 724 1195; x_wconf 89' lang='lat' dir='ltr'>gestas</span> <span class='ocrx_word' id='word_1_30' title='bbox 754 1129 856 1194; x_wconf 93' lang='lat' dir='ltr'>quam</span> <span class='ocrx_word' id='word_1_31' title='bbox 881 1111 1130 1175; x_wconf 74' lang='lat' dir='ltr'>accuratissime</span> <span class='ocrx_word' id='word_1_32' title='bbox 1153 1115 1313 1189; x_wconf 84' lang='lat' dir='ltr'>tractaret,</span> <span class='ocrx_word' id='word_1_33' title='bbox 1345 1112 1531 1180; x_wconf 88' lang='lat' dir='ltr'>sedetiam</span> 
     </span>
     <span class='ocr_line' id='line_1_6' title="bbox 354 1215 1533 1303; baseline 0.001 -18"><span class='ocrx_word' id='word_1_34' title='bbox 354 1225 390 1285; x_wconf 90' lang='lat' dir='ltr'>ut</span> <span class='ocrx_word' id='word_1_35' title='bbox 427 1219 618 1285; x_wconf 78' lang='lat' dir='ltr'>historiatas</span> <span class='ocrx_word' id='word_1_36' title='bbox 655 1220 764 1283; x_wconf 91' lang='lat' dir='ltr'>varias</span> <span class='ocrx_word' id='word_1_37' title='bbox 802 1215 1038 1299; x_wconf 88' lang='lat' dir='ltr'>mirabilesque</span> <span class='ocrx_word' id='word_1_38' title='bbox 1081 1218 1287 1283; x_wconf 89' lang='lat' dir='ltr'>narrationes</span> <span class='ocrx_word' id='word_1_39' title='bbox 1329 1220 1533 1303; x_wconf 76' lang='lat' dir='ltr'>insereret1).</span> 
     </span>
     <span class='ocr_line' id='line_1_7' title="bbox 356 1321 1534 1410; baseline 0.002 -18"><span class='ocrx_word' id='word_1_40' title='bbox 356 1327 504 1410; x_wconf 88' lang='lat' dir='ltr'>Denique</span> <span class='ocrx_word' id='word_1_41' title='bbox 521 1345 567 1401; x_wconf 87' lang='lat' dir='ltr'>ea,</span> <span class='ocrx_word' id='word_1_42' title='bbox 592 1344 676 1409; x_wconf 91' lang='lat' dir='ltr'>quae</span> <span class='ocrx_word' id='word_1_43' title='bbox 701 1325 741 1390; x_wconf 92' lang='lat' dir='ltr'>de</span> <span class='ocrx_word' id='word_1_44' title='bbox 758 1324 879 1408; x_wconf 92' lang='lat' dir='ltr'>praeda</span> <span class='ocrx_word' id='word_1_45' title='bbox 897 1322 1051 1406; x_wconf 77' lang='lat' dir='ltr'>Scythica</span> <span class='ocrx_word' id='word_1_46' title='bbox 1070 1321 1286 1404; x_wconf 82' lang='lat' dir='ltr'>proteruntur,</span> <span class='ocrx_word' id='word_1_47' title='bbox 1312 1324 1430 1392; x_wconf 89' lang='lat' dir='ltr'>hausta</span> <span class='ocrx_word' id='word_1_48' title='bbox 1450 1335 1534 1394; x_wconf 90' lang='lat' dir='ltr'>sunt</span> 
     </span>
     <span class='ocr_line' id='line_1_8' title="bbox 354 1428 1533 1520; baseline 0.003 -21"><span class='ocrx_word' id='word_1_49' title='bbox 354 1452 393 1500; x_wconf 87' lang='lat' dir='ltr'>ex</span> <span class='ocrx_word' id='word_1_50' title='bbox 425 1438 557 1499; x_wconf 90' lang='lat' dir='ltr'>auctore</span> <span class='ocrx_word' id='word_1_51' title='bbox 590 1434 737 1515; x_wconf 87' lang='lat' dir='ltr'>apprime</span> <span class='ocrx_word' id='word_1_52' title='bbox 770 1428 901 1511; x_wconf 70' lang='lat' dir='ltr'>b0n0&#39;2),</span> <span class='ocrx_word' id='word_1_53' title='bbox 937 1448 1034 1513; x_wconf 94' lang='lat' dir='ltr'>quem</span> <span class='ocrx_word' id='word_1_54' title='bbox 1058 1428 1308 1514; x_wconf 85' lang='lat' dir='ltr'>Theopompum</span> <span class='ocrx_word' id='word_1_55' title='bbox 1340 1431 1446 1501; x_wconf 89' lang='lat' dir='ltr'>luisse</span> <span class='ocrx_word' id='word_1_56' title='bbox 1471 1457 1533 1520; x_wconf 94' lang='lat' dir='ltr'>pro</span> 
     </span>
     <span class='ocr_line' id='line_1_9' title="bbox 356 1536 1534 1622; baseline 0.006 -17"><span class='ocrx_word' id='word_1_57' title='bbox 356 1544 444 1606; x_wconf 93' lang='lat' dir='ltr'>certo</span> <span class='ocrx_word' id='word_1_58' title='bbox 469 1537 584 1604; x_wconf 83' lang='lat' dir='ltr'>habeo.</span> <span class='ocrx_word' id='word_1_59' title='bbox 633 1538 745 1604; x_wconf 85' lang='lat' dir='ltr'>Restat</span> <span class='ocrx_word' id='word_1_60' title='bbox 770 1544 890 1616; x_wconf 85' lang='lat' dir='ltr'>autem,</span> <span class='ocrx_word' id='word_1_61' title='bbox 915 1541 951 1601; x_wconf 92' lang='lat' dir='ltr'>ut</span> <span class='ocrx_word' id='word_1_62' title='bbox 975 1540 1006 1601; x_wconf 95' lang='lat' dir='ltr'>te</span> <span class='ocrx_word' id='word_1_63' title='bbox 1031 1553 1184 1600; x_wconf 89' lang='lat' dir='ltr'>moneam</span> <span class='ocrx_word' id='word_1_64' title='bbox 1210 1536 1291 1602; x_wconf 87' lang='lat' dir='ltr'>nihil</span> <span class='ocrx_word' id='word_1_65' title='bbox 1315 1538 1458 1622; x_wconf 89' lang='lat' dir='ltr'>obstare,</span> <span class='ocrx_word' id='word_1_66' title='bbox 1489 1564 1534 1612; x_wconf 92' lang='lat' dir='ltr'>ne</span> 
     </span>
     <span class='ocr_line' id='line_1_10' title="bbox 356 1643 1533 1731; baseline 0.008 -19"><span class='ocrx_word' id='word_1_67' title='bbox 356 1651 512 1731; x_wconf 88' lang='lat' dir='ltr'>putemus</span> <span class='ocrx_word' id='word_1_68' title='bbox 545 1644 800 1728; x_wconf 88' lang='lat' dir='ltr'>descriptionem</span> <span class='ocrx_word' id='word_1_69' title='bbox 836 1661 967 1726; x_wconf 84' lang='lat' dir='ltr'>pugnae</span> <span class='ocrx_word' id='word_1_70' title='bbox 999 1648 1111 1708; x_wconf 90' lang='lat' dir='ltr'>contra</span> <span class='ocrx_word' id='word_1_71' title='bbox 1135 1643 1297 1711; x_wconf 90' lang='lat' dir='ltr'>Triballos</span> <span class='ocrx_word' id='word_1_72' title='bbox 1329 1653 1533 1721; x_wconf 90' lang='lat' dir='ltr'>commissae</span> 
     </span>
     <span class='ocr_line' id='line_1_11' title="bbox 358 1748 921 1835; baseline -0.009 -15"><span class='ocrx_word' id='word_1_73' title='bbox 358 1772 399 1820; x_wconf 88' lang='lat' dir='ltr'>ex</span> <span class='ocrx_word' id='word_1_74' title='bbox 423 1755 495 1818; x_wconf 91' lang='lat' dir='ltr'>eius</span> <span class='ocrx_word' id='word_1_75' title='bbox 521 1751 710 1835; x_wconf 88' lang='lat' dir='ltr'>Philippicis</span> <span class='ocrx_word' id='word_1_76' title='bbox 735 1749 876 1816; x_wconf 82' lang='lat' dir='ltr'>fluxisse</span> <span class='ocrx_word' id='word_1_77' title='bbox 886 1748 921 1831; x_wconf 72' lang='lat'>²³).</span> 
     </span>
    </p>

    <p class='ocr_par' dir='ltr' id='par_1_3' title="bbox 349 1857 1537 3121">
     <span class='ocr_line' id='line_1_12' title="bbox 445 1857 1535 1947; baseline 0.008 -23"><span class='ocrx_word' id='word_1_78' title='bbox 445 1858 539 1924; x_wconf 86' lang='lat' dir='ltr'>Nulla</span> <span class='ocrx_word' id='word_1_79' title='bbox 577 1860 674 1942; x_wconf 90' lang='lat' dir='ltr'>igitur</span> <span class='ocrx_word' id='word_1_80' title='bbox 712 1857 872 1922; x_wconf 90' lang='lat' dir='ltr'>hactenus</span> <span class='ocrx_word' id='word_1_81' title='bbox 915 1859 1105 1922; x_wconf 85' lang='lat' dir='ltr'>invenimus</span> <span class='ocrx_word' id='word_1_82' title='bbox 1140 1861 1294 1942; x_wconf 88' lang='lat' dir='ltr'>vestigia,</span> <span class='ocrx_word' id='word_1_83' title='bbox 1333 1879 1373 1927; x_wconf 88' lang='lat' dir='ltr'>ex</span> <span class='ocrx_word' id='word_1_84' title='bbox 1407 1864 1535 1947; x_wconf 92' lang='lat' dir='ltr'>quibus</span> 
     </span>
     <span class='ocr_line' id='line_1_13' title="bbox 357 1963 1535 2053; baseline 0.007 -22"><span class='ocrx_word' id='word_1_85' title='bbox 357 1970 495 2050; x_wconf 90' lang='lat' dir='ltr'>apparet</span> <span class='ocrx_word' id='word_1_86' title='bbox 528 1968 560 2030; x_wconf 93' lang='lat' dir='ltr'>in</span> <span class='ocrx_word' id='word_1_87' title='bbox 594 1964 654 2030; x_wconf 89' lang='lat' dir='ltr'>hac</span> <span class='ocrx_word' id='word_1_88' title='bbox 687 1969 777 2047; x_wconf 94' lang='lat' dir='ltr'>parte</span> <span class='ocrx_word' id='word_1_89' title='bbox 810 1963 1030 2028; x_wconf 78' lang='lat' dir='ltr'>Historiarum</span> <span class='ocrx_word' id='word_1_90' title='bbox 1060 1963 1312 2048; x_wconf 89' lang='lat' dir='ltr'>Philippicarum</span> <span class='ocrx_word' id='word_1_91' title='bbox 1344 1971 1535 2053; x_wconf 89' lang='lat' dir='ltr'>complures</span> 
     </span>
     <span class='ocr_line' id='line_1_14' title="bbox 359 2069 1534 2156; baseline 0.006 -18"><span class='ocrx_word' id='word_1_92' title='bbox 359 2072 470 2138; x_wconf 83' lang='lat' dir='ltr'>tontes</span> <span class='ocrx_word' id='word_1_93' title='bbox 487 2071 625 2156; x_wconf 87' lang='lat' dir='ltr'>aTrogo</span> <span class='ocrx_word' id='word_1_94' title='bbox 641 2088 786 2137; x_wconf 89' lang='lat' dir='ltr'>conexos</span> <span class='ocrx_word' id='word_1_95' title='bbox 804 2089 889 2136; x_wconf 91' lang='lat' dir='ltr'>esse.</span> <span class='ocrx_word' id='word_1_96' title='bbox 916 2069 1044 2153; x_wconf 86' lang='lat' dir='ltr'>Ubique</span> <span class='ocrx_word' id='word_1_97' title='bbox 1060 2077 1170 2137; x_wconf 90' lang='lat' dir='ltr'>autem</span> <span class='ocrx_word' id='word_1_98' title='bbox 1189 2075 1376 2141; x_wconf 88' lang='lat' dir='ltr'>invenimus</span> <span class='ocrx_word' id='word_1_99' title='bbox 1394 2078 1534 2145; x_wconf 92' lang='lat' dir='ltr'>eandem</span> 
     </span>
     <span class='ocr_line' id='line_1_15' title="bbox 359 2176 1536 2269; baseline 0.007 -24"><span class='ocrx_word' id='word_1_100' title='bbox 359 2183 391 2245; x_wconf 94' lang='lat' dir='ltr'>in</span> <span class='ocrx_word' id='word_1_101' title='bbox 422 2177 609 2257; x_wconf 88' lang='lat' dir='ltr'>Thebanos,</span> <span class='ocrx_word' id='word_1_102' title='bbox 639 2181 671 2243; x_wconf 93' lang='lat' dir='ltr'>in</span> <span class='ocrx_word' id='word_1_103' title='bbox 697 2176 928 2256; x_wconf 81' lang='lat' dir='ltr'>Athenienses,</span> <span class='ocrx_word' id='word_1_104' title='bbox 958 2179 990 2242; x_wconf 89' lang='lat' dir='ltr'>in</span> <span class='ocrx_word' id='word_1_105' title='bbox 1021 2178 1105 2244; x_wconf 91' lang='lat' dir='ltr'>alios</span> <span class='ocrx_word' id='word_1_106' title='bbox 1138 2178 1295 2245; x_wconf 91' lang='lat' dir='ltr'>invidiam</span> <span class='ocrx_word' id='word_1_107' title='bbox 1328 2183 1536 2269; x_wconf 86' lang='lat' dir='ltr'>eandemque</span> 
     </span>
     <span class='ocr_line' id='line_1_16' title="bbox 360 2282 1533 2376; baseline 0.008 -26"><span class='ocrx_word' id='word_1_108' title='bbox 360 2285 509 2370; x_wconf 87' lang='lat' dir='ltr'>Philippo</span> <span class='ocrx_word' id='word_1_109' title='bbox 527 2283 743 2351; x_wconf 89' lang='lat' dir='ltr'>maledicendi</span> <span class='ocrx_word' id='word_1_110' title='bbox 766 2282 947 2363; x_wconf 90' lang='lat' dir='ltr'>libidinem,</span> <span class='ocrx_word' id='word_1_111' title='bbox 973 2302 1110 2367; x_wconf 92' lang='lat' dir='ltr'>quarum</span> <span class='ocrx_word' id='word_1_112' title='bbox 1128 2291 1266 2369; x_wconf 91' lang='lat' dir='ltr'>utraque</span> <span class='ocrx_word' id='word_1_113' title='bbox 1282 2287 1533 2376; x_wconf 92' lang='lat' dir='ltr'>Theopompum</span> 
     </span>
     <span class='ocr_line' id='line_1_17' title="bbox 358 2389 1534 2478; baseline 0.007 -20"><span class='ocrx_word' id='word_1_114' title='bbox 358 2391 585 2458; x_wconf 87' lang='lat' dir='ltr'>abundavisse</span> <span class='ocrx_word' id='word_1_115' title='bbox 616 2395 756 2456; x_wconf 89' lang='lat' dir='ltr'>constat.</span> <span class='ocrx_word' id='word_1_116' title='bbox 803 2389 916 2473; x_wconf 86' lang='lat' dir='ltr'>Neque</span> <span class='ocrx_word' id='word_1_117' title='bbox 940 2409 1017 2457; x_wconf 93' lang='lat' dir='ltr'>vero</span> <span class='ocrx_word' id='word_1_118' title='bbox 1049 2395 1172 2474; x_wconf 94' lang='lat' dir='ltr'>opponi</span> <span class='ocrx_word' id='word_1_119' title='bbox 1203 2393 1282 2459; x_wconf 90' lang='lat' dir='ltr'>mihi</span> <span class='ocrx_word' id='word_1_120' title='bbox 1306 2402 1418 2478; x_wconf 90' lang='lat' dir='ltr'>potest</span> <span class='ocrx_word' id='word_1_121' title='bbox 1441 2400 1534 2466; x_wconf 89' lang='lat' dir='ltr'>illum</span> 
     </span>
     <span class='ocr_line' id='line_1_18' title="bbox 349 2496 1534 2591; baseline 0.009 -28"><span class='ocrx_word' id='word_1_122' title='bbox 349 2518 393 2591; x_wconf 33' lang='lat' dir='ltr'>‘re</span> <span class='ocrx_word' id='word_1_123' title='bbox 416 2513 493 2565; x_wconf 91' lang='lat' dir='ltr'>vera</span> <span class='ocrx_word' id='word_1_124' title='bbox 517 2516 618 2581; x_wconf 90' lang='lat' dir='ltr'>saepe</span> <span class='ocrx_word' id='word_1_125' title='bbox 643 2497 817 2577; x_wconf 89' lang='lat' dir='ltr'>crudelem,</span> <span class='ocrx_word' id='word_1_126' title='bbox 842 2515 943 2581; x_wconf 90' lang='lat' dir='ltr'>saepe</span> <span class='ocrx_word' id='word_1_127' title='bbox 967 2496 1130 2581; x_wconf 82' lang='lat' dir='ltr'>perfidum</span> <span class='ocrx_word' id='word_1_128' title='bbox 1147 2517 1185 2565; x_wconf 94' lang='lat' dir='ltr'>se</span> <span class='ocrx_word' id='word_1_129' title='bbox 1202 2500 1404 2583; x_wconf 89' lang='lat' dir='ltr'>praebuisse.</span> <span class='ocrx_word' id='word_1_130' title='bbox 1438 2505 1534 2583; x_wconf 86' lang='lat' dir='ltr'>Quod</span> 
     </span>
     <span class='ocr_line' id='line_1_19' title="bbox 362 2603 1537 2699; baseline 0.009 -28"><span class='ocrx_word' id='word_1_131' title='bbox 362 2623 480 2672; x_wconf 92' lang='lat' dir='ltr'>omnes</span> <span class='ocrx_word' id='word_1_132' title='bbox 505 2603 699 2670; x_wconf 90' lang='lat' dir='ltr'>concedunt.</span> <span class='ocrx_word' id='word_1_133' title='bbox 746 2603 812 2670; x_wconf 75' lang='lat' dir='ltr'>Sed</span> <span class='ocrx_word' id='word_1_134' title='bbox 838 2603 890 2668; x_wconf 92' lang='lat' dir='ltr'>his</span> <span class='ocrx_word' id='word_1_135' title='bbox 916 2603 1008 2669; x_wconf 91' lang='lat' dir='ltr'>libris</span> <span class='ocrx_word' id='word_1_136' title='bbox 1034 2603 1156 2689; x_wconf 91' lang='lat' dir='ltr'>ubique</span> <span class='ocrx_word' id='word_1_137' title='bbox 1180 2605 1379 2692; x_wconf 90' lang='lat' dir='ltr'>obiurgatur,</span> <span class='ocrx_word' id='word_1_138' title='bbox 1411 2612 1537 2699; x_wconf 94' lang='lat' dir='ltr'>ubique</span> 
     </span>
     <span class='ocr_line' id='line_1_20' title="bbox 360 2710 1536 2803; baseline 0.009 -25"><span class='ocrx_word' id='word_1_139' title='bbox 360 2716 571 2796; x_wconf 88' lang='lat' dir='ltr'>vituperatur.</span> <span class='ocrx_word' id='word_1_140' title='bbox 619 2710 793 2794; x_wconf 85' lang='lat' dir='ltr'>Nunquam</span> <span class='ocrx_word' id='word_1_141' title='bbox 827 2714 899 2777; x_wconf 88' lang='lat' dir='ltr'>eius</span> <span class='ocrx_word' id='word_1_142' title='bbox 934 2730 986 2778; x_wconf 88' lang='lat' dir='ltr'>res</span> <span class='ocrx_word' id='word_1_143' title='bbox 1017 2718 1140 2795; x_wconf 86' lang='lat' dir='ltr'>gestae,</span> <span class='ocrx_word' id='word_1_144' title='bbox 1171 2719 1325 2797; x_wconf 90' lang='lat' dir='ltr'>quamvis</span> <span class='ocrx_word' id='word_1_145' title='bbox 1349 2722 1418 2785; x_wconf 89' lang='lat' dir='ltr'>sint</span> <span class='ocrx_word' id='word_1_146' title='bbox 1440 2740 1536 2803; x_wconf 90' lang='lat' dir='ltr'>prae-</span> 
     </span>
     <span class='ocr_line' id='line_1_21' title="bbox 360 2816 1536 2902; baseline 0.01 -18"><span class='ocrx_word' id='word_1_147' title='bbox 360 2819 475 2899; x_wconf 89' lang='lat' dir='ltr'>clarae,</span> <span class='ocrx_word' id='word_1_148' title='bbox 507 2816 662 2883; x_wconf 89' lang='lat' dir='ltr'>laudibus</span> <span class='ocrx_word' id='word_1_149' title='bbox 696 2816 884 2883; x_wconf 87' lang='lat' dir='ltr'>elleruntur.</span> <span class='ocrx_word' id='word_1_150' title='bbox 939 2817 1046 2902; x_wconf 69' lang='lat' dir='ltr'>litque</span> <span class='ocrx_word' id='word_1_151' title='bbox 1082 2822 1165 2886; x_wconf 90' lang='lat' dir='ltr'>satis</span> <span class='ocrx_word' id='word_1_152' title='bbox 1202 2823 1294 2889; x_wconf 96' lang='lat' dir='ltr'>multi</span> <span class='ocrx_word' id='word_1_153' title='bbox 1326 2837 1536 2896; x_wconf 89' lang='lat' dir='ltr'>occunerunt</span> 
     </span>
     <span class='ocr_line' id='line_1_22' title="bbox 362 2923 1537 3013; baseline 0.009 -22"><span class='ocrx_word' id='word_1_154' title='bbox 362 2923 462 2991; x_wconf 91' lang='lat' dir='ltr'>nobis</span> <span class='ocrx_word' id='word_1_155' title='bbox 487 2925 548 2990; x_wconf 94' lang='lat' dir='ltr'>loci</span> <span class='ocrx_word' id='word_1_156' title='bbox 573 2923 805 3007; x_wconf 90' lang='lat' dir='ltr'>Theopompei.</span> <span class='ocrx_word' id='word_1_157' title='bbox 843 2925 955 3008; x_wconf 90' lang='lat' dir='ltr'>ltaque</span> <span class='ocrx_word' id='word_1_158' title='bbox 972 2925 1161 3009; x_wconf 88' lang='lat' dir='ltr'>Pompeium</span> <span class='ocrx_word' id='word_1_159' title='bbox 1179 2926 1321 3013; x_wconf 89' lang='lat' dir='ltr'>Trogum</span> <span class='ocrx_word' id='word_1_160' title='bbox 1346 2932 1407 2999; x_wconf 93' lang='lat' dir='ltr'>hac</span> <span class='ocrx_word' id='word_1_161' title='bbox 1423 2933 1537 3002; x_wconf 79' lang='lat' dir='ltr'>ilisto-</span> 
     </span>
     <span class='ocr_line' id='line_1_23' title="bbox 363 3030 1536 3121; baseline 0.01 -24"><span class='ocrx_word' id='word_1_162' title='bbox 363 3034 482 3098; x_wconf 92' lang='lat' dir='ltr'>riarum</span> <span class='ocrx_word' id='word_1_163' title='bbox 500 3030 753 3115; x_wconf 88' lang='lat' dir='ltr'>Philippicarum</span> <span class='ocrx_word' id='word_1_164' title='bbox 779 3036 870 3114; x_wconf 91' lang='lat' dir='ltr'>parte</span> <span class='ocrx_word' id='word_1_165' title='bbox 891 3051 931 3097; x_wconf 89' lang='lat' dir='ltr'>eo</span> <span class='ocrx_word' id='word_1_166' title='bbox 954 3052 1051 3098; x_wconf 88' lang='lat' dir='ltr'>usum</span> <span class='ocrx_word' id='word_1_167' title='bbox 1070 3050 1146 3099; x_wconf 91' lang='lat' dir='ltr'>esse</span> <span class='ocrx_word' id='word_1_168' title='bbox 1163 3034 1242 3100; x_wconf 91' lang='lat' dir='ltr'>mihi</span> <span class='ocrx_word' id='word_1_169' title='bbox 1260 3042 1312 3102; x_wconf 90' lang='lat' dir='ltr'>est</span> <span class='ocrx_word' id='word_1_170' title='bbox 1328 3056 1536 3121; x_wconf 89' lang='lat' dir='ltr'>persuasum.</span> 
     </span>
    </p>

    <p class='ocr_par' dir='ltr' id='par_1_4' title="bbox 362 3137 1539 3655">
     <span class='ocr_line' id='line_1_24' title="bbox 450 3137 1536 3228; baseline 0.012 -26"><span class='ocrx_word' id='word_1_171' title='bbox 450 3139 515 3204; x_wconf 92' lang='lat' dir='ltr'>lam</span> <span class='ocrx_word' id='word_1_172' title='bbox 548 3155 747 3221; x_wconf 92' lang='lat' dir='ltr'>quaeramus</span> <span class='ocrx_word' id='word_1_173' title='bbox 781 3137 822 3203; x_wconf 92' lang='lat' dir='ltr'>de</span> <span class='ocrx_word' id='word_1_174' title='bbox 856 3141 1038 3220; x_wconf 90' lang='lat' dir='ltr'>posteriore</span> <span class='ocrx_word' id='word_1_175' title='bbox 1069 3143 1187 3224; x_wconf 91' lang='lat' dir='ltr'>capitis</span> <span class='ocrx_word' id='word_1_176' title='bbox 1225 3146 1310 3208; x_wconf 88' lang='lat' dir='ltr'>tertii</span> <span class='ocrx_word' id='word_1_177' title='bbox 1341 3152 1445 3228; x_wconf 93' lang='lat' dir='ltr'>parte,</span> <span class='ocrx_word' id='word_1_178' title='bbox 1479 3148 1536 3215; x_wconf 90' lang='lat' dir='ltr'>ubi</span> 
     </span>
     <span class='ocr_line' id='line_1_25' title="bbox 362 3243 1538 3332; baseline 0.011 -23"><span class='ocrx_word' id='word_1_179' title='bbox 362 3244 444 3310; x_wconf 91' lang='lat' dir='ltr'>haec</span> <span class='ocrx_word' id='word_1_180' title='bbox 468 3243 641 3327; x_wconf 80' lang='lat' dir='ltr'>legimus⁴l</span> <span class='ocrx_word' id='word_1_181' title='bbox 670 3243 784 3326; x_wconf 79' lang='lat' dir='ltr'>„Facta</span> <span class='ocrx_word' id='word_1_182' title='bbox 809 3246 907 3328; x_wconf 89' lang='lat' dir='ltr'>igitur</span> <span class='ocrx_word' id='word_1_183' title='bbox 932 3247 1015 3310; x_wconf 90' lang='lat' dir='ltr'>inter</span> <span class='ocrx_word' id='word_1_184' title='bbox 1039 3245 1123 3314; x_wconf 94' lang='lat' dir='ltr'>duas</span> <span class='ocrx_word' id='word_1_185' title='bbox 1147 3250 1246 3332; x_wconf 93' lang='lat' dir='ltr'>paulo</span> <span class='ocrx_word' id='word_1_186' title='bbox 1262 3257 1338 3317; x_wconf 94' lang='lat' dir='ltr'>ante</span> <span class='ocrx_word' id='word_1_187' title='bbox 1356 3252 1538 3321; x_wconf 85' lang='lat' dir='ltr'>infestissi-</span> 
     </span>
     <span class='ocr_line' id='line_1_26' title="bbox 363 3351 1538 3442; baseline 0.01 -26"><span class='ocrx_word' id='word_1_188' title='bbox 363 3370 436 3417; x_wconf 92' lang='lat' dir='ltr'>mas</span> <span class='ocrx_word' id='word_1_189' title='bbox 461 3353 610 3417; x_wconf 89' lang='lat' dir='ltr'>civitates</span> <span class='ocrx_word' id='word_1_190' title='bbox 635 3354 793 3417; x_wconf 87' lang='lat' dir='ltr'>societate</span> <span class='ocrx_word' id='word_1_191' title='bbox 815 3351 1037 3434; x_wconf 88' lang='lat' dir='ltr'>legationibus</span> <span class='ocrx_word' id='word_1_192' title='bbox 1054 3352 1223 3421; x_wconf 84' lang='lat' dir='ltr'>Graeciam</span> <span class='ocrx_word' id='word_1_193' title='bbox 1244 3355 1415 3442; x_wconf 84' lang='lat' dir='ltr'>latigant“.</span> <span class='ocrx_word' id='word_1_194' title='bbox 1446 3360 1538 3438; x_wconf 85' lang='lat' dir='ltr'>Quae</span> 
     </span>
     <span class='ocr_line' id='line_1_27' title="bbox 362 3456 1537 3543; baseline 0.01 -20"><span class='ocrx_word' id='word_1_195' title='bbox 362 3456 463 3523; x_wconf 92' lang='lat' dir='ltr'>verba</span> <span class='ocrx_word' id='word_1_196' title='bbox 487 3456 616 3522; x_wconf 89' lang='lat' dir='ltr'>videtur</span> <span class='ocrx_word' id='word_1_197' title='bbox 640 3456 719 3522; x_wconf 92' lang='lat' dir='ltr'>mihi</span> <span class='ocrx_word' id='word_1_198' title='bbox 745 3463 830 3523; x_wconf 88' lang='lat' dir='ltr'>recte</span> <span class='ocrx_word' id='word_1_199' title='bbox 855 3476 931 3524; x_wconf 89' lang='lat' dir='ltr'>esse</span> <span class='ocrx_word' id='word_1_200' title='bbox 957 3461 1188 3543; x_wconf 90' lang='lat' dir='ltr'>interpretatus</span> <span class='ocrx_word' id='word_1_201' title='bbox 1209 3462 1372 3532; x_wconf 75' lang='lat' dir='ltr'>Schubert</span> <span class='ocrx_word' id='word_1_202' title='bbox 1395 3466 1482 3538; x_wconf 88' lang='lat' dir='ltr'>hunc</span> <span class='ocrx_word' id='word_1_203' title='bbox 1503 3472 1537 3535; x_wconf 91' lang='lat' dir='ltr'>in</span> 
     </span>
     <span class='ocr_line' id='line_1_28' title="bbox 363 3555 1539 3655; baseline 0.013 -27"><span class='ocrx_word' id='word_1_204' title='bbox 363 3555 532 3645; x_wconf 82' lang='lat' dir='ltr'>modum⁶)</span> <span class='ocrx_word' id='word_1_205' title='bbox 567 3562 654 3644; x_wconf 89' lang='lat' dir='ltr'>,und</span> <span class='ocrx_word' id='word_1_206' title='bbox 686 3562 804 3628; x_wconf 94' lang='lat' dir='ltr'>vorher</span> <span class='ocrx_word' id='word_1_207' title='bbox 835 3563 973 3630; x_wconf 89' lang='lat' dir='ltr'>erlrennt</span> <span class='ocrx_word' id='word_1_208' title='bbox 1005 3584 1081 3631; x_wconf 94' lang='lat' dir='ltr'>man</span> <span class='ocrx_word' id='word_1_209' title='bbox 1105 3566 1298 3655; x_wconf 90' lang='lat' dir='ltr'>Theopomp</span> <span class='ocrx_word' id='word_1_210' title='bbox 1322 3570 1385 3654; x_wconf 79' lang='lat'>§6</span> <span class='ocrx_word' id='word_1_211' title='bbox 1414 3593 1455 3640; x_wconf 94' lang='lat' dir='ltr'>an</span> <span class='ocrx_word' id='word_1_212' title='bbox 1480 3576 1539 3642; x_wconf 92' lang='lat' dir='ltr'>der</span> 
     </span>
    </p>
   </div>
   <div class='ocr_carea' id='block_1_3' title="bbox 364 3736 1541 4173">
    <p class='ocr_par' dir='ltr' id='par_1_5' title="bbox 364 3736 1540 3998">
     <span class='ocr_line' id='line_1_29' title="bbox 453 3736 1540 3822; baseline 0.014 -26"><span class='ocrx_word' id='word_1_213' title='bbox 453 3736 475 3803; x_wconf 88' lang='grc'>1)</span> <span class='ocrx_word' id='word_1_214' title='bbox 505 3745 620 3813; x_wconf 89' lang='lat' dir='ltr'>Dionys.</span> <span class='ocrx_word' id='word_1_215' title='bbox 640 3744 726 3798; x_wconf 86' lang='lat' dir='ltr'>ilalic.</span> <span class='ocrx_word' id='word_1_216' title='bbox 756 3761 780 3797; x_wconf 89' lang='lat' dir='ltr'>a.</span> <span class='ocrx_word' id='word_1_217' title='bbox 810 3744 1057 3813; x_wconf 74' lang='lat' dir='ltr'>d.c1r.P0mp.s</span> <span class='ocrx_word' id='word_1_218' title='bbox 1081 3763 1107 3814; x_wconf 90' lang='lat' dir='ltr'>p.</span> <span class='ocrx_word' id='word_1_219' title='bbox 1126 3750 1179 3803; x_wconf 79' lang='lat'>784</span> <span class='ocrx_word' id='word_1_220' title='bbox 1207 3744 1262 3810; x_wconf 88' lang='lat' dir='ltr'>(ed.</span> <span class='ocrx_word' id='word_1_221' title='bbox 1282 3752 1365 3811; x_wconf 65' lang='grc' dir='ltr'>Μ.</span> <span class='ocrx_word' id='word_1_222' title='bbox 1386 3755 1405 3807; x_wconf 93' lang='lat' dir='ltr'>ll</span> <span class='ocrx_word' id='word_1_223' title='bbox 1429 3771 1455 3822; x_wconf 92' lang='lat' dir='ltr'>p.</span> <span class='ocrx_word' id='word_1_224' title='bbox 1475 3752 1540 3818; x_wconf 82' lang='lat'>245)</span> 
     </span>
     <span class='ocr_line' id='line_1_30' title="bbox 364 3823 1540 3909; baseline 0.006 -23"><span class='ocrx_word' id='word_1_225' title='bbox 364 3832 457 3886; x_wconf 73' lang='lat' dir='ltr'>Strab.</span> <span class='ocrx_word' id='word_1_226' title='bbox 478 3832 486 3885; x_wconf 94' lang='lat'><em>1</em></span> <span class='ocrx_word' id='word_1_227' title='bbox 507 3849 534 3900; x_wconf 86' lang='lat' dir='ltr'>p.</span> <span class='ocrx_word' id='word_1_228' title='bbox 553 3834 588 3887; x_wconf 81' lang='grc'>43</span> <span class='ocrx_word' id='word_1_229' title='bbox 607 3823 807 3899; x_wconf 77' lang='grc' dir='ltr'>(,,Θεο’πομπος</span> <span class='ocrx_word' id='word_1_230' title='bbox 826 3868 832 3879; x_wconf 92' lang='grc'><strong>.</strong></span> <span class='ocrx_word' id='word_1_231' title='bbox 853 3865 859 3877; x_wconf 91' lang='grc'><strong>.</strong></span> <span class='ocrx_word' id='word_1_232' title='bbox 879 3865 906 3879; x_wconf 90' lang='grc'>..</span> <span class='ocrx_word' id='word_1_233' title='bbox 927 3825 1015 3897; x_wconf 55' lang='grc' dir='ltr'><em>φήσας</em></span> <span class='ocrx_word' id='word_1_234' title='bbox 1034 3824 1075 3882; x_wconf 81' lang='grc' dir='ltr'>ὅτι</span> <span class='ocrx_word' id='word_1_235' title='bbox 1094 3832 1141 3883; x_wconf 79' lang='grc' dir='ltr'>καὶ</span> <span class='ocrx_word' id='word_1_236' title='bbox 1154 3829 1265 3903; x_wconf 71' lang='grc' dir='ltr'><em>μύθους</em></span> <span class='ocrx_word' id='word_1_237' title='bbox 1284 3834 1315 3888; x_wconf 77' lang='grc' dir='ltr'>ἐν</span> <span class='ocrx_word' id='word_1_238' title='bbox 1330 3844 1389 3896; x_wconf 80' lang='grc' dir='ltr'><em>ταῖς</em></span> <span class='ocrx_word' id='word_1_239' title='bbox 1407 3839 1540 3909; x_wconf 82' lang='grc' dir='ltr'><strong><em>ἱστορίαις</em></strong></span> 
     </span>
     <span class='ocr_line' id='line_1_31' title="bbox 364 3909 1352 3998; baseline 0.006 -18"><span class='ocrx_word' id='word_1_240' title='bbox 364 3909 461 3988; x_wconf 55' lang='lat' dir='ltr'>s’pri‘),</span> <span class='ocrx_word' id='word_1_241' title='bbox 499 3912 687 3989; x_wconf 57' lang='lat' dir='ltr'>‚ffluvpo&#39;om“</span> <span class='ocrx_word' id='word_1_242' title='bbox 707 3938 808 3977; x_wconf 91' lang='lat' dir='ltr'>nomen</span> <span class='ocrx_word' id='word_1_243' title='bbox 829 3930 888 3977; x_wconf 86' lang='lat' dir='ltr'>erat</span> <span class='ocrx_word' id='word_1_244' title='bbox 908 3925 970 3977; x_wconf 89' lang='lat' dir='ltr'>libri</span> <span class='ocrx_word' id='word_1_245' title='bbox 991 3928 1094 3979; x_wconf 89' lang='lat' dir='ltr'>octavi.</span> <span class='ocrx_word' id='word_1_246' title='bbox 1132 3926 1171 3981; x_wconf 83' lang='lat' dir='ltr'>cf.</span> <span class='ocrx_word' id='word_1_247' title='bbox 1191 3928 1289 3998; x_wconf 88' lang='lat' dir='ltr'>iragm.</span> <span class='ocrx_word' id='word_1_248' title='bbox 1308 3932 1352 3986; x_wconf 85' lang='grc'>66.</span> 
     </span>
    </p>

    <p class='ocr_par' dir='ltr' id='par_1_6' title="bbox 454 4002 1538 4082">
     <span class='ocr_line' id='line_1_32' title="bbox 454 4002 1538 4082; baseline 0.014 -18"><span class='ocrx_word' id='word_1_249' title='bbox 454 4002 476 4071; x_wconf 89' lang='lat'>¹)</span> <span class='ocrx_word' id='word_1_250' title='bbox 497 4012 565 4066; x_wconf 86' lang='lat' dir='ltr'>Puto</span> <span class='ocrx_word' id='word_1_251' title='bbox 597 4011 808 4079; x_wconf 89' lang='lat' dir='ltr'>Theopompum</span> <span class='ocrx_word' id='word_1_252' title='bbox 836 4015 926 4079; x_wconf 90' lang='lat' dir='ltr'>ipsum</span> <span class='ocrx_word' id='word_1_253' title='bbox 954 4029 1009 4067; x_wconf 92' lang='lat' dir='ltr'>non</span> <span class='ocrx_word' id='word_1_254' title='bbox 1036 4016 1182 4082; x_wconf 86' lang='lat' dir='ltr'>scripsisse</span> <span class='ocrx_word' id='word_1_255' title='bbox 1208 4018 1267 4082; x_wconf 85' lang='lat' dir='ltr'>,xx</span> <span class='ocrx_word' id='word_1_256' title='bbox 1299 4022 1373 4076; x_wconf 92' lang='lat' dir='ltr'>milia</span> <span class='ocrx_word' id='word_1_257' title='bbox 1404 4024 1538 4079; x_wconf 87' lang='lat' dir='ltr'>nobilium</span> 
     </span>
    </p>

    <p class='ocr_par' dir='ltr' id='par_1_7' title="bbox 387 4087 1541 4173">
     <span class='ocr_line' id='line_1_33' title="bbox 387 4087 1541 4173; baseline 0.015 -22"><span class='ocrx_word' id='word_1_258' title='bbox 387 4087 520 4166; x_wconf 83' lang='lat' dir='ltr'>quarum“</span> <span class='ocrx_word' id='word_1_259' title='bbox 542 4102 568 4153; x_wconf 90' lang='lat' dir='ltr'>in</span> <span class='ocrx_word' id='word_1_260' title='bbox 588 4100 782 4154; x_wconf 74' lang='lat' dir='ltr'>Macedoniam</span> <span class='ocrx_word' id='word_1_261' title='bbox 804 4103 888 4155; x_wconf 81' lang='lat' dir='ltr'>missa</span> <span class='ocrx_word' id='word_1_262' title='bbox 909 4118 978 4156; x_wconf 87' lang='lat' dir='ltr'>esse.</span> <span class='ocrx_word' id='word_1_263' title='bbox 1016 4102 1072 4157; x_wconf 78' lang='lat' dir='ltr'>Aut</span> <span class='ocrx_word' id='word_1_264' title='bbox 1092 4105 1261 4173; x_wconf 84' lang='lat' dir='ltr'>depravatus</span> <span class='ocrx_word' id='word_1_265' title='bbox 1280 4117 1323 4163; x_wconf 86' lang='lat' dir='ltr'>est</span> <span class='ocrx_word' id='word_1_266' title='bbox 1341 4126 1472 4167; x_wconf 85' lang='lat' dir='ltr'>numerus</span> <span class='ocrx_word' id='word_1_267' title='bbox 1491 4121 1541 4168; x_wconf 88' lang='lat' dir='ltr'>aut</span> 
     </span>
    </p>
   </div>
   <div class='ocr_carea' id='block_1_4' title="bbox 366 4189 1541 4341">
    <p class='ocr_par' dir='ltr' id='par_1_8' title="bbox 366 4189 1541 4341">
     <span class='ocr_line' id='line_1_34' title="bbox 385 4189 1541 4269; baseline 0.017 -31"><span class='ocrx_word' id='word_1_268' title='bbox 385 4200 462 4239; x_wconf 88' lang='lat' dir='ltr'>rrore</span> <span class='ocrx_word' id='word_1_269' title='bbox 479 4189 600 4255; x_wconf 88' lang='lat' dir='ltr'>scriptus</span> <span class='ocrx_word' id='word_1_270' title='bbox 620 4205 635 4243; x_wconf 89' lang='lat' dir='ltr'>a</span> <span class='ocrx_word' id='word_1_271' title='bbox 656 4190 787 4256; x_wconf 88' lang='lat' dir='ltr'>Pompeio</span> <span class='ocrx_word' id='word_1_272' title='bbox 803 4191 847 4243; x_wconf 84' lang='lat' dir='ltr'>vel</span> <span class='ocrx_word' id='word_1_273' title='bbox 863 4190 977 4246; x_wconf 89' lang='lat' dir='ltr'>lustino.</span> <span class='ocrx_word' id='word_1_274' title='bbox 1007 4192 1045 4245; x_wconf 89' lang='lat' dir='ltr'>De</span> <span class='ocrx_word' id='word_1_275' title='bbox 1064 4208 1092 4246; x_wconf 89' lang='lat' dir='ltr'>re</span> <span class='ocrx_word' id='word_1_276' title='bbox 1108 4196 1166 4261; x_wconf 88' lang='lat' dir='ltr'>ipsa</span> <span class='ocrx_word' id='word_1_277' title='bbox 1187 4195 1221 4250; x_wconf 88' lang='lat' dir='ltr'>ci.</span> <span class='ocrx_word' id='word_1_278' title='bbox 1236 4196 1331 4263; x_wconf 87' lang='lat' dir='ltr'>Bauer,</span> <span class='ocrx_word' id='word_1_279' title='bbox 1351 4200 1541 4269; x_wconf 83' lang='lat' dir='ltr'>Kriegsaltert.</span> 
     </span>
     <span class='ocr_line' id='line_1_35' title="bbox 366 4276 473 4341; baseline 0.028 -15"><span class='ocrx_word' id='word_1_280' title='bbox 366 4289 393 4341; x_wconf 89' lang='lat' dir='ltr'>p.</span> <span class='ocrx_word' id='word_1_281' title='bbox 412 4276 473 4329; x_wconf 80' lang='lat'>427.</span> 
     </span>
    </p>
   </div>
   <div class='ocr_carea' id='block_1_5' title="bbox 454 4355 752 4520">
    <p class='ocr_par' dir='ltr' id='par_1_9' title="bbox 454 4355 752 4520">
     <span class='ocr_line' id='line_1_36' title="bbox 454 4355 752 4436; baseline -0.007 -13"><span class='ocrx_word' id='word_1_282' title='bbox 454 4355 476 4423; x_wconf 77' lang='lat'>⁸)</span> <span class='ocrx_word' id='word_1_283' title='bbox 496 4363 537 4419; x_wconf 82' lang='lat' dir='ltr'>Cf.</span> <span class='ocrx_word' id='word_1_284' title='bbox 556 4382 618 4435; x_wconf 89' lang='lat' dir='ltr'>pag.</span> <span class='ocrx_word' id='word_1_285' title='bbox 637 4369 673 4421; x_wconf 87' lang='grc'>38</span> <span class='ocrx_word' id='word_1_286' title='bbox 691 4383 752 4436; x_wconf 82' lang='lat' dir='ltr'>sqq.</span> 
     </span>
     <span class='ocr_line' id='line_1_37' title="bbox 455 4444 721 4520; baseline 0.015 -14"><span class='ocrx_word' id='word_1_287' title='bbox 455 4444 477 4516; x_wconf 81' lang='lat'>⁴)</span> <span class='ocrx_word' id='word_1_288' title='bbox 498 4453 562 4509; x_wconf 88' lang='lat' dir='ltr'>lust.</span> <span class='ocrx_word' id='word_1_289' title='bbox 583 4455 623 4520; x_wconf 86' lang='lat' dir='ltr'>lx,</span> <span class='ocrx_word' id='word_1_290' title='bbox 642 4466 687 4519; x_wconf 87' lang='lat'>111,</span> <span class='ocrx_word' id='word_1_291' title='bbox 701 4470 721 4510; x_wconf 83' lang='lat' dir='ltr'>s.</span> 
     </span>
    </p>
   </div>
   <div class='ocr_carea' id='block_1_6' title="bbox 455 4532 624 4611">
    <p class='ocr_par' dir='ltr' id='par_1_10' title="bbox 455 4532 624 4611">
     <span class='ocr_line' id='line_1_38' title="bbox 455 4532 624 4611; baseline 0.018 -8"><span class='ocrx_word' id='word_1_292' title='bbox 455 4532 477 4603; x_wconf 70' lang='grc' dir='ltr'>ὓ)</span> <span class='ocrx_word' id='word_1_293' title='bbox 497 4557 560 4611; x_wconf 73' lang='lat' dir='ltr'>nae·</span> <span class='ocrx_word' id='word_1_294' title='bbox 578 4544 624 4606; x_wconf 84' lang='lat'>28.</span> 
     </span>
    </p>
   </div>
   <div class='ocr_carea' id='block_1_7' title="bbox 0 0 1855 5350">
    <p class='ocr_par' dir='ltr' id='par_1_11' title="bbox 0 0 1855 5350">
     <span class='ocr_line' id='line_1_39' title="bbox 0 0 1855 5350; baseline 0 0"><span class='ocrx_word' id='word_1_295' title='bbox 0 0 1855 5350; x_wconf 95' lang='lat' dir='ltr'> </span> 
     </span>
    </p>
   </div>
  </div>
 </body>
</html>
