3667 5350
820 1442 930 1526 Pars
961 1444 1028 1524 lV.

460 1635 511 1709 De
534 1634 758 1708 Anaximenis
784 1635 1011 1723 [lampsaceni
1036 1636 1176 1724 scriptis
1202 1635 1387 1710 historicis.

423 1796 643 1862 Anaximenes
657 1794 902 1877 Lampsacenus
919 1797 980 1860 tria
996 1798 1185 1878 composuit
1201 1814 1300 1880 opera
1315 1795 1471 1863 historica
1479 1796 1512 1878 ¹),

332 1921 419 1986 quae
444 1903 601 1986 inscripta
618 1907 710 1967 erant
726 1892 901 1984 Ἑλληνικά,
929 1895 1128 1981 Φιλιππικά,
1150 1898 1190 1962 τὰ
1208 1901 1286 1982 περὶ
1302 1895 1512 1983 Ἀλέξανδρον.

334 2007 414 2076 Cum
445 2012 477 2075 in
501 2008 630 2092 Didymi
656 2010 893 2074 commentario
917 1999 1088 2090 Ἑλληνικά
1112 2026 1179 2074 non
1205 2014 1512 2092 commemorentur,

334 2118 474 2198 primum
500 2114 698 2180 accedamus
722 2113 763 2178 ad
792 2109 1031 2176 Φιλιππικά.

423 2221 455 2286 ln
481 2221 551 2287 Did.
576 2219 688 2298 col.8‚
712 2220 764 2300 15,
794 2218 848 2285 ubi
879 2219 921 2285 de
950 2219 1172 2304 legationibus
1196 2239 1214 2286 a
1239 2240 1315 2305 rege
1340 2221 1510 2288 Persarum

335 2332 367 2393 et
389 2346 408 2392 a
434 2326 583 2411 Philinus
600 2325 748 2392 Athenas
772 2344 800 2392 a.
816 2322 962 2408 alliam
987 2328 1102 2393 missis
1126 2325 1226 2392 verba
1250 2326 1345 2407 liunt,
1369 2328 1511 2411 legimus
1604 2407 1610 2419 .

334 2433 414 2499 haec
428 2429 649 2515 ,ἀφηγοῦνται
660 2439 762 2494 ταῦτα
772 2425 973 2513 Ἀνδροτίων,
983 2425 1017 2502 ὃς
1029 2431 1092 2495 καὶ.
1104 2430 1123 2514 [.
1133 2485 1139 2498 ,
1151 2483 1174 2499 ..
1185 2427 1315 2516 ...Ἆνα]
1327 2430 1511 2518 {summm}

333 2538 414 2607 Cum
432 2543 579 2606 sciamus
603 2541 645 2605 ab
662 2538 865 2605 Anaximene
882 2530 1056 2622 Ἑλληνικά
1075 2540 1240 2623 usquead
1257 2558 1403 2624 pugnam
1421 2541 1510 2623 apud

333 2645 536 2714 Mantineam
569 2649 783 2714 commissam
817 2651 946 2713 tantum
977 2653 1009 2713 et
1032 2646 1073 2713 od
1098 2646 1346 2731 Epaminondae
1370 2652 1509 2714 mortem

333 2755 473 2821 deducta
505 2773 581 2821 esse
615 2751 720 2836 (Diod.
744 2753 808 2832 XV,
832 2752 888 2835 89)
922 2772 1029 2837 neque
1061 2757 1128 2820 veri
1160 2754 1269 2821 simile
1300 2757 1345 2821 sit
1376 2772 1450 2820 eum
1476 2756 1509 2820 in

333 2861 425 2942 libro,
456 2865 506 2928 cui
533 2865 602 2927 erat
633 2879 753 2926 nomen
778 2857 818 2920 τὰ
851 2858 926 2940 περὶ
959 2853 1181 2942 Ἀλέξανδρον,
1218 2861 1259 2927 de
1290 2860 1389 2928 rebus
1421 2879 1510 2928 anno

327 2966 479 3048 344l343
510 2970 616 3051 gestis
652 2968 772 3050 egisse,
804 2965 946 3032 dubitari
981 2985 1047 3033 non
1080 2971 1200 3049 potest,
1232 2969 1311 3051 quin
1337 2965 1399 3033 hoc
1422 2966 1511 3051 trag·

334 3078 481 3140 mentum
500 3074 732 3157 depromptum
750 3076 795 3138 sit
812 3089 852 3137 ex
870 3072 1019 3139 historiis
1045 3073 1249 3157 Philippicis,
1275 3072 1330 3139 ubi
1355 3076 1511 3155 rationes,

331 3199 416 3264 quae
449 3183 532 3246 inter
563 3178 783 3245 Athenienses
818 3183 850 3244 et
874 3178 1060 3263 Philippum
1096 3182 1360 3261 intercesserant,
1391 3182 1420 3246 ei
1454 3198 1511 3245 ex·

331 3287 506 3370 ponendae
530 3292 634 3352 erant.

420 3392 588 3460 Accedunt
616 3392 683 3458 duo
711 3392 896 3475 fragmenta
925 3410 965 3458 ex
990 3392 1106 3459 eodem
1131 3411 1229 3476 opere
1253 3398 1396 3476 sumpta,
1425 3410 1511 3476 quae

330 3499 513 3566 atteruntur
542 3502 576 3565 in
606 3498 719 3579 colb,
748 3499 792 3564 00
821 3495 1122 3581 etcol.11,10³³).
1168 3498 1263 3576 Quod
1293 3517 1379 3583 opus
1408 3499 1510 3565 altero

331 3606 472 3691 Didymo
496 3606 568 3672 loco
599 3605 789 3672 inscribitur
815 3602 1005 3666 Φιλιππικά
1035 3602 1107 3687 (col.
1131 3604 1184 3685 11,
1207 3600 1278 3687 10),
1306 3603 1409 3671 altero
1438 3604 1510 3671 loco

329 3717 509 3797 usurpatur
543 3712 669 3796 plenior
702 3712 818 3778 titulus
853 3708 887 3772 αἱ
911 3709 989 3793 περὶ
1016 3709 1189 3773 Φίλιππον
1218 3707 1397 3791 ἱστορίαύ).
1443 3709 1508 3777 Sed

328 3820 503 3886 videamus
528 3819 569 3885 de
594 3822 787 3885 oeconomia
812 3821 932 3901 operis.

419 3994 443 4059 ¹)
457 4002 494 4055 De
507 4000 688 4054 Anaximenis
702 4001 814 4067 scriptis
829 3999 971 4054 historicis
984 3999 1020 4054 ci.
1032 3999 1198 4063 Brzoslra,
1215 3998 1404 4066 Paulyi-Wiss.
1416 3998 1508 4055 R.·E.l

328 4107 355 4159 p.
375 4090 454 4155 2095,
484 4097 511 4144 et
536 4089 765 4153 Reichmann,
795 4089 833 4143 De
859 4087 988 4143 Ananim.
1008 4089 1116 4155 lamps.
1136 4090 1194 4142 vita
1219 4094 1247 4142 et
1272 4089 1392 4155 scriptis,
1421 4087 1509 4141 Berol.

329 4176 399 4234 '1895
418 4172 519 4240 (diss-l.

417 4259 440 4330 ²)
460 4270 498 4323 De
517 4268 570 4323 hoc
590 4268 652 4322 loco
673 4267 707 4321 cf.
728 4266 908 4331 Croenert,
928 4267 946 4320 l.
966 4284 989 4321 c.
1010 4282 1035 4333 p.
1055 4267 1117 4320 385.

417 4348 438 4418 ⁸)
455 4356 498 4428 vCi.
519 4359 602 4411 etiam
624 4356 675 4411 col.
696 4357 766 4410 10b.

416 4438 439 4508 4)
460 4446 500 4500 Ad
520 4446 731 4499 similitudinem
746 4446 808 4499 libri
829 4435 861 4491 τὰ
875 4440 940 4510 περὶ
958 4435 1136 4508 Ἀλέξανδρον
1151 4443 1268 4498 affertur
1281 4444 1380 4497 titulus
1394 4433 1426 4488 τὰ
1445 4436 1510 4509 περὶ

326 4528 473 4583 Φίλιππον
493 4537 519 4589 in
539 4534 638 4603 fragm.
657 4536 674 4588 9
694 4527 740 4594 (ci.
761 4534 989 4591 Reichmann.
1009 4535 1025 4587 l.
1046 4549 1068 4588 c.
1089 4550 1115 4601 p.
1134 4526 1188 4596 58).
