3667 5350
813 564 1012 629 -0..

324 724 488 792 Sardibus
519 724 643 791 habitis
673 732 897 807 cognoverant
930 743 1039 807 regem
1071 731 1170 808 atque
1199 728 1293 808 ipsos
1322 729 1434 790 socios
1457 744 1504 791 ne

325 833 454 898 insulas
483 833 617 916 quidem
647 831 800 903 lmbrum,
829 830 982 907 lesbum,
1011 829 1161 914 Scyrum,
1189 833 1253 897 sibi
1278 851 1502 898 concessuros

325 958 412 1006 esse.
459 939 571 1022 Neque
587 957 665 1003 vero
688 938 814 1014 dubito,
838 941 918 1021 quin
942 947 1013 1004 tum
1035 939 1174 1004 Athenis
1197 938 1327 1010 luerint
1351 943 1406 1023 qui
1431 958 1503 1004 ma-

326 1046 446 1111 luerint
476 1045 541 1110 sibi
579 1064 652 1110 cum
689 1044 958 1110 Lacedaemoniis
989 1065 1090 1129 quam
1126 1065 1200 1111 cum
1234 1065 1310 1128 rege
1344 1047 1385 1111 de
1420 1064 1502 1129 pace

327 1156 512 1219 convenire.
558 1153 664 1235 Atque
687 1155 785 1217 testis
810 1151 889 1216 mihi
914 1159 967 1217 est
991 1153 1180 1218 Andocides
1204 1156 1286 1235 ipse.

416 1259 588 1324 Probaiam
598 1277 675 1325 esse
687 1258 1101 1341 intellegimusl'hilochori
1112 1259 1298 1342 fragmento
1308 1261 1499 1341 opinionem

328 1385 451 1444 eorum,
483 1369 538 1450 qui
571 1384 660 1430 anno
693 1365 794 1430 3921
824 1365 1005 1432 Andocidis
1036 1369 1217 1431 orationem
1247 1385 1323 1431 esse
1354 1364 1500 1429 habitam

328 1479 535 1556 putaverunt
581 1471 644 1548 Qui
669 1491 743 1538 cum
768 1479 1004 1538 commemoret
1028 1476 1168 1555 priorem
1186 1472 1320 1538 lechaei
1330 1470 1353 1552 ¹)
1377 1491 1502 1555 expug-

329 1584 507 1658 nationem,
530 1599 614 1664 quae
637 1579 723 1644 lacta
747 1588 798 1645 est
822 1580 922 1663 paulo
944 1588 1021 1645 ante
1045 1579 1250 1663 llyacinthia,
1278 1597 1363 1662 quae
1386 1597 1505 1643 mense

328 1685 419 1752 Alaio
442 1685 666 1770 agebanturil,
688 1695 837 1771 apertum
863 1695 914 1752 est
930 1690 985 1752 vix
1001 1696 1078 1752 ante
1095 1706 1244 1753 mensem
1260 1687 1385 1752 Alaium
1402 1684 1503 1750 Athe-

329 1796 384 1859 nis
407 1794 448 1859 de
471 1794 725 1859 condicionibus
753 1813 771 1858 a
797 1793 1064 1859 lacedaemoniis
1092 1798 1264 1862 concessis
1287 1793 1500 1859 deliberatum

329 1900 447 1975 esse⁹).
503 1901 589 1965 ldem
622 1901 795 1975 iudicabis,
832 1904 860 1966 si
891 1902 1155 1968 consideraveris
1183 1903 1270 1986 apud
1299 1898 1501 1965 Andocidem

330 2026 408 2073 esse
436 2011 594 2091 scriptum
624 2005 760 2089 (Andoc.
785 2008 829 2080 ΙΙΙ,
852 2007 908 2089 20)
937 2015 1092 2091 quattuor
1120 2012 1184 2074 iam
1209 2027 1317 2073 annos
1340 2006 1415 2071 belli
1441 2003 1505 2070 Co-

329 2114 440 2179 rinthii
467 2117 674 2197 praeterisse,
698 2118 793 2180 cuius
818 2118 947 2180 initium
971 2115 1095 2181 lactum
1120 2125 1172 2182 est
1195 2134 1284 2181 anno
1306 2114 1381 2178 395.
1432 2111 1501 2187 Qua

329 2220 371 2286 de
387 2240 488 2287 causa
505 2241 580 2287 cum
597 2221 708 2304 lipsio
724 2222 1001 2287 consentiendum
1019 2228 1152 2306 estqui
1171 2227 1203 2289 in
1220 2223 1363 2288 editione
1380 2220 1501 2284 Andoc

330 2334 409 2393 orat
433 2328 514 2394 haec
538 2326 703 2411 scripsit¹)
730 2329 776 2407 ,A
799 2330 924 2412 quibus
948 2348 1010 2412 ego
1035 2330 1066 2394 id
1092 2350 1195 2395 unum
1218 2330 1391 2404 dissenti0,
1414 2324 1503 2409 quod

331 2434 375 2500 illi
392 2435 490 2500 hiemi
509 2455 537 2500 a.
552 2435 653 2514 392,ss
672 2438 853 2501 orationem
872 2437 1032 2510 tribuunt
1055 2456 1117 2519 ego
1134 2456 1162 2502 a.
1178 2437 1242 2501 391
1265 2438 1394 2499 initium
1411 2451 1506 2517 prae-

330 2541 409 2620 fero,
433 2561 499 2625 quo
523 2545 697 2607 minimum
721 2542 763 2608 de
780 2549 936 2627 quattuor
952 2544 1017 2609 illis
1033 2547 1132 2608 annis
1148 2540 1388 2614 subtrahatur,“
1408 2541 1505 2605 dum-

332 2648 441 2729 modo,
465 2666 539 2714 cum
564 2647 640 2715 belli
666 2652 794 2716 initium
811 2649 935 2716 lactum
953 2654 998 2718 sit
1013 2671 1043 2717 a.
1058 2651 1124 2716 395
1140 2646 1307 2730 aestate³),
1320 2650 1505 2731 cogitemus

334 2756 375 2822 de
400 2755 468 2820 line
491 2759 569 2820 anni
592 2757 761 2823 archontis
785 2757 947 2824 Philoclis.

422 2862 527 2945 Atque
552 2862 766 2930 Philochorus
789 2870 930 2930 testatur
952 2886 1029 2933 uno
1053 2872 1090 2933 et
1113 2865 1247 2932 eodem
1271 2881 1374 2928 anno
1397 2862 1508 2927 Philo-

336 2970 397 3035 clis
428 2970 596 3035 archontis
628 2977 664 3036 et
695 2972 952 3038 condiciones
984 2973 1178 3039 Sardibus
1211 2992 1230 3037 a
1260 2971 1440 3036 Tiribazo
1471 2974 1507 3034 et

333 3075 503 3159 Spartae
531 3095 550 3141 a
580 3076 902 3145 lacedaemoniis
931 3078 1088 3146 oblatas
1116 3080 1163 3144 ab
1192 3073 1507 3144 Atheniensibus

334 3189 492 3265 spretas
521 3203 620 3250 esse.
667 3184 712 3250 lix
740 3188 789 3251 eis
812 3193 932 3264 autem,
961 3206 1045 3271 quae
1069 3205 1170 3271 supra
1194 3187 1343 3269 exposui,
1371 3182 1507 3265 apparet

336 3309 409 3355 cum
440 3290 707 3357 Lacedaemoniis
736 3299 813 3375 post
841 3293 997 3360 Struthae
1024 3296 1194 3359 victoriam
1225 3292 1266 3356 de
1295 3268 1507 3374 pace'actum

230 3391 238 3409 '
338 3415 424 3463 esse.
471 3396 581 3481 ltaque
609 3400 692 3463 inter
721 3405 893 3483 utramque
922 3401 963 3467 de
992 3419 1081 3485 pace·
1100 3403 1263 3466 actionem
1294 3396 1395 3463 multa
1420 3397 1509 3459 inse·

337 3503 437 3569 renda
463 3510 550 3569 sunt.
597 3505 815 3572 Revertuntur
843 3508 939 3589 legati
967 3507 1131 3573 Sardibus
1159 3510 1191 3572 in
1222 3505 1401 3580 Graeciam,
1428 3499 1510 3564 liri-

294 3662 298 3671 .
336 3609 441 3675 bazus
467 3610 526 3672 iter
548 3606 626 3673 lacit
649 3608 690 3672 ad
716 3628 835 3691 regem,
856 3610 1011 3676 Struthas
1029 3613 1061 3675 in
1083 3611 1170 3675 illius
1187 3610 1364 3692 satrapiam
1383 3606 1510 3670 missus

338 3716 460 3782 bellum
478 3720 578 3797 parat,
603 3714 848 3782 lacedaemonii
866 3719 1052 3782 vincuntur.
1088 3716 1232 3792 Quorum
1251 3714 1355 3780 cladis
1371 3712 1509 3776 nuntius

338 3825 371 3889 in
389 3821 558 3888 Graeciam
584 3820 719 3887 allertur
742 3829 774 3887 et
797 3823 838 3887 ab
855 3822 1116 3889 Atheniensibus
1140 3823 1238 3906 legati
1259 3822 1411 3905 Spartam
1436 3818 1517 3882 mit·-

425 4033 448 4099 ¹)
467 4038 571 4092 Andoc.
603 4039 642 4103 ΙΙΙ,
668 4042 710 4093 18.
747 4038 879 4093 Conleras
905 4042 987 4094 velim
1013 4057 1053 4106 ea,
1078 4057 1149 4109 quae
1168 4041 1274 4108 Lipsius
1298 4041 1324 4091 in
1346 4038 1387 4091 ed.
1407 4035 1517 4089 Andoc‘

339 4136 410 4182 orat.
430 4144 456 4195 p.
475 4128 517 4192 ΙΙΙ,
536 4129 571 4181 38
586 4131 725 4195 exposuit.

427 4211 594 4285 'lllnger,
619 4218 712 4272 Philol.
740 4219 861 4283 ΙΙΙΙΙΙΙΙΙΙ,
881 4220 959 4284 1877,
984 4236 1010 4287 p.
1031 4220 1143 4273 13-16.
1182 4217 1323 4280 Beloch,
1349 4215 1395 4270 Gr.
1414 4211 1517 4267 Gesch.

338 4305 368 4370 ll,
388 4306 484 4370 206‚2.
523 4307 674 4371 Nilsson,
693 4306 739 4361 Gr.
760 4308 844 4370 leste,
865 4324 891 4375 p.
912 4310 977 4374 1293
998 4326 1024 4376 p.
1045 4311 1104 4363 135.

428 4390 498 4455 ’)ΙΞ.
517 4395 646 4464 Meyer,
666 4398 683 4449 Ι.
702 4413 725 4450 c.
746 4397 776 4460 V,
797 4414 823 4464 p.
843 4398 904 4451 229.
949 4397 1055 4466 Oxyrh.
1076 4400 1139 4466 Pap.
1159 4399 1190 4463 V,
1211 4400 1256 4452 Nr.
1276 4392 1510 4460 842‚coi.11,34

343 4472 460 4543 ,τούτου
479 4484 528 4530 τοῦ
547 4474 672 4552 θέρους,“
