3667 5350
802 610 842 617 ,.
892 575 934 640 10

328 757 532 838 argumentis
557 752 785 819 refutaverant.
833 751 910 818 Cum
935 772 1011 818 vero
1038 756 1068 818 ln
1094 753 1228 836 reliquis
1253 753 1353 819 huius
1378 755 1500 838 epilogi

327 844 543 945 paragraphis
572 860 660 924 nulla
693 859 780 925 illius
805 861 980 944 legationis
1005 862 1128 926 mentio
1152 860 1211 925 liat
1239 866 1270 926 et
1295 863 1326 925 in
1352 858 1391 942 ἐξ
1415 861 1444 941 3,
1468 861 1498 941 6,

328 968 357 1048 7,
381 967 433 1047 10,
457 968 497 1032 11
524 967 661 1050 Epicrati
687 972 718 1032 et
741 967 815 1032 aliis
841 970 904 1032 reis
930 969 1055 1032 crimini
1074 966 1176 1045 detur,
1201 968 1289 1050 quod
1313 971 1344 1032 in
1363 987 1498 1034 munere

328 1073 460 1158 publico
489 1073 753 1139 administrando
782 1074 967 1156 peculatum
992 1073 1136 1153 fecerint,
1165 1078 1313 1140 rectius
1343 1075 1386 1140 de
1412 1093 1498 1141 ora-

326 1184 434 1247 tione
464 1183 488 1246 ii
520 1179 814 1261 iudicaverunt,
842 1183 906 1263 qui
940 1180 1162 1263 Epicratem
1193 1180 1374 1265 aliosque
1407 1201 1497 1249 reos

328 1287 504 1349 εὐθυνῶν
534 1290 570 1352 in
601 1290 662 1352 ius
686 1293 854 1352 uocatos
884 1306 974 1353 esse
1007 1284 1285 1371 putaverunt¹).
1333 1287 1439 1372 Atque
1463 1293 1496 1355 in

326 1393 365 1477 ἐξ
380 1395 400 1460 9
413 1401 445 1460 et
459 1393 500 1459 10
513 1394 654 1476 legimus
673 1393 753 1459 haec
773 1381 882 1473 ,οὗτοι
899 1391 962 1471 μὲν
980 1391 1038 1474 γὰρ
1049 1389 1084 1453 ἐν
1096 1395 1140 1476 τῷ
1153 1393 1283 1476 πολέμῳ
1297 1389 1331 1456 ἐκ
1350 1396 1497 1480 πενήτων

327 1499 477 1563 πλούσιοι
500 1504 664 1577 γεγόνασιν
679 1493 714 1559 ἐκ
731 1507 794 1559 τῶν
813 1495 975 1581 ὗμετὲρων
1000 1553 1006 1566 ,
1023 1553 1029 1565 ,
1046 1553 1053 1566 ,
1070 1500 1124 1560 καὶ
1141 1503 1265 1581 γάρτοι
1282 1497 1326 1569 εἰς
1342 1510 1496 1562 τοσοῦτον

325 1604 454 1694 ἥκομεν,
472 1599 550 1675 (3ςέ
567 1602 599 1667 οἳ
614 1610 773 1688 πρότερον
788 1602 823 1667 ἐν
840 1609 879 1691 τῇ
894 1603 1003 1694 εἰρήνῃ
1023 1605 1095 1668 οὐδὲ
1113 1612 1193 1688 σφᾶς
1211 1607 1326 1678 αὐτοὺς
1340 1602 1495 1670 ἐδύναντο

328 1718 470 1798 τρέφειν,
499 1720 559 1773 νῦν
582 1714 659 1790 ὑμῖν
684 1709 831 1794 εἰςφορὰς
855 1709 1032 1794 sicu-sponna
1055 1712 1110 1773 καὶ
1133 1716 1297 1796 χορηγοῦσι
1320 1714 1373 1776 καὶ
1395 1711 1496 1786 οἰκίας

324 1819 465 1900 μεγάλας
489 1816 660 1883 οἰκοῦσινίί.
711 1821 793 1886 llinc
818 1826 953 1903 apparet
980 1820 1158 1903 Epicratem
1185 1824 1216 1886 in
1242 1822 1327 1888 hello
1355 1823 1494 1890 ditatum

326 1947 410 2009 esse,
439 1928 527 2011 quod
558 1927 704 1992 nondum
731 1931 953 2010 compositum
983 1926 1069 2010 est).
1116 1927 1196 1994 Cum
1221 1948 1298 1995 vero
1323 1929 1375 1994 ille
1398 1929 1495 1996 luerit

326 2057 365 2103 ex
390 2039 448 2115 eis,
472 2037 527 2118 qui
553 2035 711 2117 populum
737 2033 883 2100 Athenas
908 2031 1144 2116 reduxerantll,
1169 2034 1209 2100 de
1234 2054 1300 2101 uno
1318 2034 1494 2115 Corinthio

325 2143 413 2228 quod
438 2148 581 2219 vocatur,
607 2140 691 2206 bello
709 2144 843 2225 cogitari
861 2147 980 2224 potest,
1005 2141 1093 2224 quod
1115 2160 1203 2207 anno
1223 2140 1370 2223 395l394
1386 2150 1493 2209 ortum

325 2268 401 2317 esse
426 2245 597 2330 constat4).
643 2245 726 2323 Quia
750 2253 859 2313 autem
885 2247 1068 2314 secundum
1088 2247 1314 2315 Philochorum
1329 2249 1494 2332 Epicrates

324 2375 412 2423 anno
445 2355 509 2421 391
544 2375 620 2421 reus
654 2354 762 2420 lactus
796 2361 846 2420 est
878 2361 909 2420 et
938 2375 977 2421 ex
1005 2355 1115 2420 uerbis
1148 2348 1203 2436 ,ἐν
1230 2358 1274 2439 τῷ
1302 2354 1435 2439 πολέμῳ
1459 2351 1495 2417 ἐκ

325 2463 474 2548 πενήτων
499 2460 647 2522 πλούσιοι
669 2459 853 2538 γεγόνασιν“
882 2461 988 2528 elucet
1013 2462 1218 2547 aliquantum
1243 2462 1318 2528 belli
1336 2462 1493 2531 Corinthii

325 2573 469 2655 spatium
502 2571 707 2652 praeterisse,
739 2568 813 2634 licet
847 2587 981 2641 censere
1016 2569 1122 2635 illum
1154 2588 1228 2634 non
1258 2571 1381 2637 multo
1405 2579 1495 2638 ante

324 2675 1068 2759 annum392l391sddvuovaccusatum
1093 2676 1372 2744 etabsolutum
1396 2699 1495 2746 esse.

414 2784 575 2850 Videmus
600 2786 706 2867 igitur,
731 2789 912 2864 uteorum,
937 2803 1021 2868 quae
1046 2785 1121 2864 dixi,
1144 2803 1309 2851 summam
1331 2786 1495 2869 complec-

324 2897 383 2971 tar,
407 2890 622 2974 Epicratem
648 2897 704 2956 ter
729 2910 817 2956 esse
844 2894 880 2955 in
906 2894 967 2957 ius
988 2898 1177 2958 uocatum.
1214 2891 1376 2957 Primum
1402 2901 1495 2976 post

324 3018 466 3065 annum
496 2997 561 3063 493
590 2998 635 3062 ad
666 3016 792 3080 regem
830 2997 1034 3064 Persarum
1068 3000 1222 3082 legatus
1256 3003 1405 3065 missus
1435 3020 1493 3066 re-

325 3107 404 3172 dux
430 3106 750 3185 παραπρεσβείας
766 3123 855 3170 reus
872 3104 1003 3172 iactus
1020 3112 1092 3182 est,
1109 3106 1250 3172 deinde
1272 3126 1347 3172 non
1370 3108 1493 3173 multo

325 3219 413 3279 ante
451 3211 662 3278 Philoclem
702 3211 928 3277 archontem
968 3230 1032 3295 per
1071 3212 1247 3273 εὐθυνῶν
1286 3213 1492 3279 formulam

325 3321 562 3395 arcessitus,
587 3325 786 3402 postremo
810 3338 912 3385 anno
930 3305 992 3385 391
1012 3322 1152 3385 iterum
1176 3322 1494 3399 παραπρεσβείας

325 3434 539 3492 accusatus
569 3432 637 3491 est.
685 3426 716 3491 ln
748 3427 812 3492 illis
836 3430 948 3492 causis
972 3425 1157 3506 absolutus,
1187 3430 1217 3492 in
1244 3428 1303 3493 hac
1329 3429 1492 3495 unacum

326 3533 462 3617 collegis
487 3536 592 3616 capite
617 3533 803 3612 damnatus,
827 3534 886 3599 sed
911 3532 990 3617 luga
1015 3542 1166 3600 seruatus
1191 3532 1282 3616 estll.

324 3658 537 3666 ———-——--

415 3709 434 3768 ¹)
454 3714 655 3778 lientschel,
677 3715 692 3767 l.
713 3731 735 3768 c.
756 3731 781 3781 p.
802 3716 852 3779 253
873 3716 1024 3782 lipsius,
1045 3716 1100 3769 Att.
1122 3716 1207 3770 Recht
1227 3734 1251 3769 u.
1274 3716 1443 3771 Rechtsverl.
1465 3717 1496 3783 ll,

326 3821 351 3873 p.
371 3806 430 3869 286,
451 3806 511 3869 287,
526 3819 547 3857 e.

414 3888 434 3950 ¹)
453 3893 512 3947 lloc
532 3901 604 3947 recte
625 3894 759 3947 iudicavit
777 3893 949 3958 Thalheim
971 3893 987 3946 l.
1007 3909 1029 3946 c.
1049 3910 1076 3962 p.
1094 3895 1154 3947 555.

415 3977 434 4038 'l
455 3982 529 4036 Dem.
549 3983 612 4047 lllll,
633 3983 693 4035 277.

413 4065 436 4131 ⁴)
457 4072 610 4139 Epicratem
632 4073 714 4139 paulo
728 4078 791 4126 ante
807 4072 860 4126 hoc
874 4075 974 4128 bellum
990 4075 1105 4127 multum
1117 4072 1232 4126 Athenis
1244 4074 1364 4126 valuisse
1378 4082 1495 4141 apparet

326 4177 358 4213 ex
379 4160 524 4214 llellenicis
545 4164 699 4228 nuperrime
719 4162 800 4215 editis
820 4158 936 4230 (Oxyrh.
957 4163 1019 4230 Pap.
1034 4163 1064 4227 V,
1084 4178 1111 4227 p.
1131 4163 1190 4227 145,
1214 4163 1265 4216 col.
1286 4162 1370 4227 1,35;
1392 4164 1442 4217 col.
1465 4164 1493 4229 ll,

327 4246 378 4315 10),
404 4252 449 4303 ubi
474 4250 590 4318 legimus
611 4266 672 4303 eum
698 4253 810 4319 eiusque
835 4253 941 4305 amicos
966 4252 992 4304 ld
1013 4254 1110 4320 egisse,
1140 4259 1170 4304 ut
1189 4252 1371 4306 Athenienses
1391 4253 1491 4306 bellurn

326 4340 426 4392 inirent
446 4355 506 4392 cum
528 4339 750 4392 lacedaemoniis
772 4333 823 4403 ,ἵν’
837 4333 930 4393 (adroic
949 4334 980 4387 ἐκ
1001 4340 1051 4387 τοῖν
1070 4334 1170 4387 κοινοὶν
1190 4327 1207 4408 ᾗ
1221 4338 1464 4406 xpplurcrt'g'smlou.u

415 4421 436 4489 ⁵)
458 4428 595 4496 Lipsius
619 4425 645 4487 (l.
670 4446 694 4482 c.
714 4445 739 4496 p.
760 4430 819 4494 189,
843 4426 889 4489 37)
914 4439 941 4484 et
965 4429 1149 4484 Staehelin
1174 4425 1213 4496 lp.
1232 4429 1278 4487 62)
1304 4438 1495 4497 exposuerunt

326 4522 399 4570 recte
419 4517 573 4570 Philochorl
594 4524 621 4571 et
640 4518 834 4572 Demosthenis
854 4521 946 4573 verbis
967 4522 1008 4572 usi
1028 4521 1135 4588 legatos
1146 4535 1170 4572 a.
1180 4521 1230 4574 391
1244 4520 1333 4587 capite
1345 4520 1495 4575 damnatos
