3667 5350
800 548 1022 614 ,36-

326 726 495 812 quomodo
529 727 609 793 alter
639 726 821 793 Pausanias
853 725 895 792 ab
924 726 1025 793 altero
1055 728 1171 792 iniuria
1202 725 1343 794 allectus
1372 729 1497 812 proelio

325 833 449 918 illyrico
481 838 608 900 tutatus
637 833 822 917 Philippum
855 833 1062 900 vulneratum
1095 832 1285 900 interiectus
1317 837 1370 915 sit,
1402 841 1497 920 post-

325 959 425 1025 quam
454 940 649 1008 adhortatus
673 943 717 1006 sit
740 933 897 1019 Attalum,
928 947 963 1005 ut
987 958 1023 1006 se
1048 940 1266 1019 ulcisceretur,
1294 947 1326 1008 et
1350 942 1430 1008 alter
1453 941 1496 1008 ab

325 1047 426 1114 altero
451 1066 581 1114 summa
606 1047 802 1114 contumelia
827 1045 969 1114 allectus
986 1049 1038 1113 sit.
1077 1047 1157 1113 Tota
1174 1054 1283 1113 autem
1302 1051 1497 1128 narratione,

325 1172 410 1238 quae
442 1161 493 1221 est
526 1154 566 1221 de
595 1154 732 1238 Philippi
767 1172 854 1232 nece,
889 1153 1067 1221 Diodorum
1101 1159 1251 1220 secutum
1285 1173 1361 1221 esse
1392 1154 1496 1222 videri

324 1267 504 1341 auctorem,
533 1264 589 1346 qui
619 1261 771 1328 consulto
799 1260 951 1327 fabulosa
980 1265 1080 1344 atque
1109 1261 1269 1328 mirabilia
1299 1266 1497 1346 composuit

325 1368 565 1436 demonstravit
588 1366 791 1448 Schubert1).
830 1368 863 1433 ln
888 1370 1004 1452 primis
1027 1387 1105 1434 vero
1129 1387 1176 1449 ea,
1199 1387 1284 1452 quae
1300 1368 1341 1435 de
1359 1374 1498 1453 utroque

324 1475 488 1542 Pausania
512 1480 691 1555 narrantur,
721 1481 799 1542 sunt
825 1474 1036 1541 incredibilia.
1084 1475 1193 1559 ltaque
1216 1475 1312 1542 valde
1337 1478 1496 1542 incertum

325 1588 377 1649 est
401 1583 499 1667 paulo
523 1588 599 1649 ante
623 1601 736 1649 necem
754 1581 940 1666 Philippum
965 1582 1074 1648 denuo
1099 1601 1173 1649 curn
1191 1582 1307 1666 illyriis
1324 1602 1400 1650 esse
1417 1601 1498 1650 con-

325 1708 489 1773 gressum.
536 1689 676 1769 Accedit,
705 1688 794 1774 quod
820 1689 906 1755 haud
933 1688 1102 1772 probabile
1127 1694 1178 1755 est
1201 1708 1289 1756 anno
1313 1689 1378 1756 345
1404 1690 1498 1757 Pleu-

326 1800 441 1877 ratum,
472 1815 561 1863 anno
589 1796 654 1862 336
679 1795 848 1875 Pleuriam,
882 1815 1021 1880 quorum
1055 1799 1225 1862 nominum
1260 1796 1386 1863 formae
1417 1803 1499 1863 sunt

325 1903 520 1984 simillimae,
552 1904 632 1969 haec
662 1908 772 1969 autem
803 1903 892 1969 nullo
916 1903 981 1968 alio
1006 1903 1086 1981 loco,
1119 1903 1172 1968 illa
1196 1923 1296 1989 saepe
1322 1906 1498 1986 invenitur,

326 2028 439 2077 eorum
472 2028 608 2094 regnum
641 2010 828 2076 obtinuisse
861 2016 892 2076 et
924 2009 1135 2089 Macedones,
1168 2013 1223 2094 qui
1255 2030 1343 2077 anno
1374 2010 1441 2077 337
1466 2018 1499 2078 et

326 2117 392 2183 335
409 2123 521 2184 contra
539 2135 597 2183 eos
615 2116 815 2197 bellaverint,
832 2119 930 2183 etiam
948 2135 1036 2182 anno
1049 2116 1115 2182 336
1128 2118 1177 2182 eis
1194 2117 1316 2183 bellum
1335 2118 1498 2198 intulisse,

326 2227 422 2292 cuius
458 2244 638 2309 nusquam·
662 2223 739 2290 alibi
776 2228 898 2290 mentio
934 2223 981 2289 lit.
1033 2224 1194 2290 Videmus
1231 2227 1328 2308 igitur
1363 2224 1496 2292 Diodori

326 2334 545 2398 narrationem
575 2332 616 2397 ad
647 2331 732 2398 idem
763 2331 883 2398 bellum
913 2336 1076 2414 spectare,
1104 2330 1193 2414 quod
1223 2338 1499 2398 commemoratur

324 2438 413 2523 apud
439 2438 625 2522 Didymum.
672 2439 781 2522 ltaque
806 2435 985 2520 Conetus‘2)
1017 2437 1209 2521 sequendus
1239 2444 1298 2518 est,
1327 2442 1383 2522 qui
1408 2438 1497 2523 apud

326 2545 506 2613 Diodorum
531 2564 590 2629 pro
614 2543 777 2627 Πλευρίαν
802 2548 934 2629 scripsit
959 2545 1022 2611 leni
1048 2548 1228 2611 mutatione
1251 2543 1447 2627 Πλευρᾶτον.

414 2651 458 2719 Ex
492 2671 541 2734 eo,
572 2653 659 2737 quod
691 2650 979 2738 llippostratii)
1010 2651 1069 2718 lilii
1103 2651 1295 2736 Amyntae
1323 2655 1356 2719 in
1385 2672 1498 2738 pugna

324 2762 425 2827 occisi
450 2779 588 2827 nomen
613 2759 756 2840 allertur,
781 2760 1004 2844 intellegimus
1022 2760 1097 2826 illos
1114 2759 1244 2826 nobiles
1260 2759 1367 2827 luisse
1386 2760 1499 2827 ltlace-

323 2866 438 2934 dones.
485 2867 595 2951 ltaque
620 2870 675 2951 qui
700 2867 821 2934 luerint
845 2869 928 2934 scire
954 2869 1063 2951 magni
1089 2870 1233 2933 interest.
1278 2867 1313 2935 δί
1339 2870 1498 2951 ponimus

325 2973 550 3041 Staehelinum
568 2980 600 3040 et
612 2973 817 3041 Poucartium
831 2977 935 3040 secuti
948 2974 1198 3059 llippostratum
1215 2974 1321 3040 lilium
1336 2974 1498 3059 Amyntae

229 3165 232 3170 ,
325 3080 433 3147 luisse
456 3080 587 3148 fratrem
606 3081 803 3165 Cleopatrae,
828 3100 927 3165 quam
946 3081 1115 3165 Philippus
1139 3099 1227 3147 anno
1243 3081 1309 3146 337
1327 3085 1359 3147 in
1385 3085 1499 3148 matri-

327 3191 475 3254 monium
505 3188 605 3270 duxit,
634 3189 714 3255 haec
743 3194 794 3255 est
817 3188 885 3254 lilia
909 3188 1079 3272 Amyntae.
1126 3187 1208 3265 Quis
1231 3193 1341 3255 autern
1368 3195 1419 3255 est
1443 3188 1497 3255 hic

325 3294 510 3379 Amyntas?
561 3295 655 3381 Apud
692 3295 877 3376 Arrianum,
917 3295 1076 3375 Curtium,
1109 3295 1287 3362 Diodorum
1324 3296 1499 3380 legimus⁴l

326 3401 502 3486 Amyntam
527 3401 631 3468 lilium
657 3402 807 3469 Antiochi
833 3408 911 3486 post
933 3402 1071 3486 Philippi
1097 3408 1234 3468 mortem
1258 3402 1299 3468 ad
1318 3402 1435 3470 Persas
1459 3423 1497 3471 se

326 3508 508 3576 contulisse
532 3515 564 3575 et
588 3528 699 3594 pugna
720 3509 806 3594 apud
825 3509 932 3575 lssum
950 3511 1130 3576 commissa
1147 3514 1260 3576 contra
1277 3509 1496 3577 Alexandrum

329 3618 541 3701 pugnavisse.
577 3615 703 3693 Quodsi
729 3618 912 3701 inspexeris
938 3616 1026 3682 hunc
1041 3615 1165 3682 Arriani
1192 3616 1299 3683 locum
1325 3609 1499 3699 ,aponus

415 3811 437 3877 ¹)
457 3817 487 3873 R.
506 3815 691 3881 Schubert,
713 3816 820 3870 Unters.
841 3818 886 3870 llb.
907 3817 933 3872 d.
953 3816 1039 3879 Quell.
1060 3833 1083 3869 z.
1104 3815 1283 3870 (ieschPhil.
1304 3834 1330 3885 p.
1343 3818 1386 3871 17.
1420 3817 1496 3871 lllum

325 3913 467 3960 auctorem
487 3906 572 3960 luisse
592 3906 720 3959 Duridem
740 3904 863 3960 Samium
885 3908 943 3959 veri
964 3921 1020 3959 non
1040 3911 1082 3960 est
1101 3906 1242 3959 dissimile.
1280 3906 1315 3960 ci.
1334 3922 1361 3974 p.
1380 3907 1415 3960 70
1427 3922 1470 3975 sq.

415 4006 436 4069 ²)
455 4011 578 4078 Cobet,
598 4012 665 4067 Coll.
685 4014 744 4067 crit.
764 4012 848 4081 lugd.
868 4013 966 4067 Batav.
986 4013 1063 4078 1878,
1083 4028 1109 4079 p.
1129 4012 1190 4066 248.

415 4110 436 4179 3)
455 4119 518 4173 Veri
541 4121 631 4174 simile
656 4126 699 4175 est
718 4121 831 4175 Diodori
855 4126 1007 4184 auctorem,
1032 4122 1078 4188 qui
1103 4121 1231 4174 consulto
1252 4136 1317 4174 vera
1337 4137 1398 4174 cum
1418 4121 1498 4175 falsis

325 4207 462 4275 confudit,
488 4224 528 4275 ea,
554 4225 625 4277 quae
650 4210 683 4264 de
702 4210 876 4277 llippostrati
897 4214 986 4263 morte
1011 4215 1077 4263 nota
1102 4215 1188 4275 erant,
1210 4210 1349 4264 rettulisse
1369 4210 1405 4263 ad
1424 4225 1497 4274 eum,

324 4299 370 4351 cui
391 4298 449 4365 ipse
468 4298 545 4352 dedit
564 4314 665 4353 nomen
680 4300 843 4353 Pausaniam
863 4293 907 4357 (cl.
923 4299 1081 4364 Poucart,
1102 4314 1127 4365 p.
1143 4300 1208 4364 1433
1227 4298 1413 4365 Schubert,
1433 4299 1450 4352 l.
1461 4295 1497 4357 1.).

415 4398 437 4466 ⁴)
456 4404 514 4459 Arr.
535 4406 552 4470 l,
572 4407 615 4471 17,
634 4407 663 4473 93
683 4407 725 4470 25,
744 4408 774 4472 3;
801 4406 829 4471 ll,
850 4407 874 4470 6,
894 4408 925 4471 3;
945 4408 987 4471 13,
1006 4407 1031 4459 3.
1070 4404 1143 4459 Curt.
1158 4406 1197 4470 lll,
1218 4408 1260 4459 11.
1280 4408 1326 4471 18;
1347 4406 1388 4471 IV,
1409 4409 1433 4471 1,
1453 4408 1497 4462 27.

325 4493 406 4548 Diod.
424 4494 500 4560 xvh,
519 4496 562 4549 48·
