3667 5350
805 560 1029 625 ...fig-

326 740 430 806 modo
447 739 619 823 Philippus
644 741 785 822 primum
812 755 885 802 cum
907 735 1168 803 Atheniensibus
1186 756 1388 822 congressus
1405 744 1506 818 esset,

326 847 369 913 de
403 846 490 912 illius
523 846 655 913 insidiis
689 850 787 928 atque
819 843 906 910 dolis
940 862 1006 909 non
1038 843 1130 909 aliter
1159 843 1314 911 iudicauit
1338 863 1375 911 ac
1398 843 1503 910 Theo·

326 972 474 1038 pompus
488 951 512 1034 1)
546 971 643 1037 quem
678 942 835 1034 Polybius
868 939 1132 1016 testatur'illum
1165 957 1298 1034 propter
1331 950 1505 1036 perfidiam
1613 946 1615 950 ’

328 1054 614 1144 vituperavisseh.
662 1057 786 1141 Nempe
819 1056 907 1122 haec*
932 1059 1045 1141 opinio
1083 1056 1281 1140 probabilior
1315 1064 1367 1124 est
1403 1076 1505 1142 quam
1602 1100 1604 1104 -

328 1165 513 1246 Schuberti
530 1168 584 1250 qui
603 1161 647 1249 (p.
663 1162 824 1247 tbl‘hunc
843 1159 951 1229 locum
977 1162 1082 1246 Diyllo
1102 1163 1259 1243 attribuit,
1284 1168 1378 1230 cuius
1396 1164 1506 1231 histo·

326 1277 448 1338 riarum
474 1275 556 1339 ratio
582 1271 680 1337 nobis
705 1273 789 1337 satis
814 1276 865 1337 est
889 1268 1039 1337 obscura.
1079 1269 1189 1346 Quid?
1214 1270 1301 1355 quod
1328 1270 1381 1337 ille
1405 1272 1530 1336 etiam

329 1379 410 1445 haec
433 1377 533 1445 verba
560 1377 666 1460 „bello
701 1380 733 1442 in
763 1376 888 1467 illyrios
918 1377 1079 1443 translato
1109 1376 1211 1443 multa
1242 1377 1330 1442 milia
1355 1376 1505 1443 hostium

325 1483 453 1553 caedit“
482 1484 587 1552 eidem
622 1487 783 1568 assignat.
828 1483 916 1549 llaec
945 1483 1094 1550 breuiora
1123 1489 1203 1549 sunt
1227 1491 1326 1567 quam
1357 1489 1392 1549 ut
1418 1484 1507 1549 unde

329 1593 469 1658 haustae
500 1595 568 1658 sint
597 1610 637 1657 ex
664 1594 712 1657 eis
745 1593 828 1674 ipsis
858 1593 968 1675 possit
997 1589 1149 1673 intellegi.
1208 1589 1275 1656 Sed
1299 1590 1505 1674 Theopompi

328 1701 468 1782 vestigia
498 1701 595 1764 etiam
627 1697 678 1762 hic
708 1696 821 1763 habes.
868 1696 1020 1784 legimus
1052 1699 1138 1762 enim
1169 1699 1201 1763 in
1226 1696 1322 1780 Trogi
1347 1696 1426 1762 Prol.
1452 1695 1505 1761 Vll

332 1805 483 1887 „additae
504 1857 510 1871 .
528 1857 534 1870 .
552 1856 582 1870 ..
608 1803 786 1887 lllyriorum
812 1809 843 1869 et
860 1803 1025 1869 Paeonum
1051 1802 1277 1886 origines“.
1316 1803 1369 1869 llle
1393 1810 1505 1869 autem

330 1919 366 1979 ut
398 1911 528 1978 solebat
559 1913 703 1977 inserere
737 1909 887 1976 historiis
921 1913 993 1976 suis
1027 1913 1173 1993 origines
1206 1909 1504 1993 hacPhilippicon
1566 1946 1569 1953 ‚

330 2023 420 2102 parte
441 2021 586 2101 origines
604 2021 648 2082 ita
668 2019 807 2083 inseruit
828 2016 1007 2100 lllyriorum
1025 2023 1058 2083 et
1074 2016 1248 2083 Paeonum.
1280 2017 1349 2084 lloc
1365 2016 1506 2082 demon-

328 2131 452 2191 stratur
478 2123 673 2208 fragmentis
706 2123 758 2203 41,
791 2123 847 2203 42,
880 2123 933 2203 43,
961 2122 1044 2200 44³).
1099 2122 1180 2189 Turn
1214 2129 1322 2189 narrat
1358 2121 1505 2189 lustinus

325 2231 563 2298 Thessalorum
588 2231 629 2296 de
654 2232 835 2314 improviso
860 2229 1048 2314 aPhilippo
1073 2236 1241 2314 captorum
1259 2232 1388 2313 equites
1412 2248 1506 2295 exer-

326 2341 407 2405 citui
431 2337 647 2404 ltlacedonico
684 2339 828 2403 insertos
854 2355 939 2403 esse.
987 2335 1058 2402 Non
1084 2334 1261 2421 Diyllum⁴)
1284 2336 1412 2420 Trogus
1441 2335 1506 2402 hoc

327 2446 401 2512 loco
433 2445 563 2511 videtur
595 2450 732 2511 secutus
752 2443 848 2523 esse,
882 2443 941 2510 sed
975 2442 1234 2528 Theopompum.
1285 2444 1380 2510 llunc
1414 2446 1504 2509 enim

328 2553 518 2618 narravisse
534 2550 715 2618 Thessalos
733 2550 919 2635 proditione
941 2552 973 2615 in
991 2549 1130 2635 Philippi
1153 2556 1350 2635 potestatem
1368 2552 1505 2616 venisse

325 2658 434 2726 elucet
466 2678 505 2725 ex
536 2657 721 2742 fragmento
745 2657 788 2724 37
815 2659 952 2739 „Krveoe
976 2644 1021 2727 εἷς
1044 2638 1083 2740 ἦν
1106 2657 1171 2717 τῶν
1195 2660 1398 2738 προαμένων
1425 2653 1504 2718 Φιλ-

329 2768 424 2848 ίππῳ
455 2762 495 2825 τὰ
529 2762 701 2826 Θετταλῶν
730 2760 970 2847 reparatorem),
1018 2765 1063 2831 De
1095 2764 1187 2831 ionie
1216 2768 1383 2849 proximae
1408 2784 1504 2849 para-

328 2889 541 2898 ——-....--

419 2972 439 3043 ¹)
458 2981 609 3049 Compares
629 2982 711 3036 velim
732 2998 794 3036 cum
816 2982 880 3036 lust.
894 2982 948 3047 Vll,
968 2993 1037 3045 vus
1058 2973 1374 3051 „militum'trepidos
1393 2984 1504 3036 animos

325 3060 502 3126 firmaret“
518 3071 594 3133 haec,
615 3087 686 3139 quae
705 3072 823 3139 legimus
842 3072 917 3139 apud
932 3072 1010 3126 Diod.
1024 3071 1089 3137 XVI,
1110 3073 1134 3137 2,
1154 3068 1388 3137 5,,περίῳοβοι
1406 3072 1504 3132 καθει-

324 3151 473 3224 στήκεισαν
491 3155 538 3205 καὶ
559 3193 565 3204 .
585 3191 591 3204 .
612 3193 618 3205 .
640 3190 645 3204 .
665 3150 781 3226 ἀθύμως
801 3149 907 3224 εἶχον“;
926 3162 952 3225 3,
973 3164 987 3214 1
1009 3153 1222 3225 ,αὐθαρσεῖς
1241 3153 1422 3224 ἑποίησείῆς
1437 3162 1466 3226 ,3,
1487 3162 1503 3214 6

331 3242 654 3315 „esoapaeazspove
683 3239 840 3312 ἐποίησε“
871 3256 955 3317 atque
984 3266 1045 3304 cum
1072 3249 1136 3304 lust.
1161 3249 1204 3314 Vl,
1231 3251 1248 3302 6
1274 3251 1363 3315 „sine
1388 3251 1502 3316 pretio

325 3328 478 3392 dimisit“
495 3339 563 3393 haec
579 3327 835 3404 „dnouno‘vdovs
854 3328 1014 3402 ἅφῆκεν“,
1030 3354 1100 3406 quae
1120 3338 1237 3407 legimus
1256 3339 1331 3406 apud
1344 3338 1422 3392 Diod.
1435 3322 1461 3402 3,
1476 3339 1502 3404 d,

325 3434 356 3481 et
378 3420 524 3492 „deduce
544 3420 627 3474 ἄνευ
646 3415 799 3494 λύτρων“,
820 3443 890 3497 quae
903 3430 1016 3495 scripsit
1032 3428 1161 3482 libanius
1181 3430 1208 3481 in
1223 3428 1280 3481 vita
1298 3427 1502 3481 Demosthenis.

328 3506 508 3570 ¹ltlaniiestum
529 3522 572 3570 est
591 3516 660 3569 haec
679 3516 743 3569 inde
763 3518 848 3577 petita
869 3532 930 3570 esse
950 3518 1023 3571 unde
1043 3517 1202 3571 iustiniana.
1530 3518 1532 3528 '

418 3597 440 3666 9)
460 3605 563 3670 Theop.
583 3605 681 3673 fragm.
702 3606 744 3658 27.
773 3602 879 3674 (Polyb.
898 3606 963 3671 Vlll,
984 3603 1038 3666 11).
1558 3665 1564 3670 ,-

418 3688 438 3754 ³)
458 3694 582 3748 Dubitari
608 3710 663 3748 non
690 3700 791 3761 potest,
816 3697 882 3764 quin
909 3696 1045 3763 permulta
1065 3698 1124 3749 elus
1143 3696 1219 3750 modi
1238 3696 1394 3769 fragmenta
1413 3695 1503 3749 Theo·
1551 3758 1554 3762 ¹

328 3785 433 3852 pompi‚
460 3798 611 3851 quaecum
637 3783 682 3836 alii
703 3790 831 3837 auctores
855 3790 913 3837 turn
934 3784 1092 3840 Athenaeus
1117 3788 1210 3839 nescio
1231 3801 1284 3853 qua
1305 3800 1388 3839 causa
1407 3799 1503 3838 serva·

329 3879 438 3937 verunt,
467 3888 500 3925 ex
527 3872 570 3925 his
594 3872 749 3940 originibus
774 3879 904 3940 sumptae
929 3875 994 3939 sint,
1019 3876 1120 3942 quibus
1144 3875 1188 3928 ille
1214 3880 1311 3943 gentes
1335 3883 1363 3928 et
1382 3866 1502 3941 populos

329 3977 480 4028 eorumque
500 3976 591 4014 mores
611 3967 639 4015 et
658 3962 785 4015 instituta
805 3968 833 4015 et
851 3952 962 4027 μύθους
981 3963 1135 4030 descripsit.
1173 3962 1213 4017 Cf.
1233 3979 1296 4031 pag.
1315 3964 1358 4029 ol,
1378 3965 1403 4016 2.

417 4038 440 4108 ⁴)
459 4048 532 4103 llaec
550 4049 689 4104 Schubert
713 4066 745 4104 ex
766 4051 862 4104 eodem
883 4058 997 4105 auctore
1022 4052 1121 4106 hausta
1146 4068 1207 4107 esse
1227 4046 1428 4120 contenditip.
1447 4047 1502 4118 27.)

325 4154 385 4206 quo
406 4138 485 4191 Diod.
504 4137 569 4205 XVl,
593 4140 636 4201 59,
655 4140 681 4204 4,
705 4141 778 4193 nulla
804 4141 857 4195 alia
878 4156 961 4194 causa
982 4148 1140 4196 commotus
1161 4144 1213 4196 nisi
1233 4142 1308 4210 quod
1329 4139 1403 4209 apud
1423 4141 1502 4195 lusti·

329 4243 394 4281 num
415 4227 532 4295 legimus
553 4227 736 4292 „Thessaliam
767 4269 879 4283 ......
908 4230 975 4283 nihil
996 4233 1086 4284 minus
1109 4247 1191 4300 quam
1211 4231 1311 4285 bellum
1333 4235 1500 4285 metuentem

277 4309 280 4314 ’
329 4317 499 4383 improvisus
519 4311 726 4390 expugnatf‘et
745 4319 818 4385 apud
836 4319 986 4373 Diodorum
1003 4312 1034 4386 „5
1054 4313 1083 4367 δὲ
1097 4311 1223 4383 βασιλεὺς
1241 4313 1309 4367 ἄνευ
1321 4310 1411 4386 uolgus
1423 4312 1503 4366 drei-

325 4402 427 4458 πίσῑως
445 4394 600 4457 καταλύσας
621 4396 668 4451 τὸν
687 4396 930 4472 ἱερὸναόλεμον“,
1332 4404 1334 4407 ’
1552 4407 1554 4410 ’
1597 4391 1602 4401 ’

417 4484 440 4554 ⁶)
461 4493 555 4561 ltaque
585 4509 640 4548 non
669 4484 771 4563 sequor
798 4494 986 4562 §chaelerum
1016 4500 1062 4566 qui
1092 4497 1245 4556 (Demosth.
1275 4515 1301 4553 u.
1329 4514 1352 4552 s.
1380 4499 1448 4556 leit,
1468 4490 1502 4554 11ῃ
