<?xml version="1.0" encoding="UTF-8"?>
<!DOCTYPE html PUBLIC "-//W3C//DTD XHTML 1.0 Transitional//EN"
    "http://www.w3.org/TR/xhtml1/DTD/xhtml1-transitional.dtd">
<html xmlns="http://www.w3.org/1999/xhtml" xml:lang="en" lang="en">
 <head>
  <title>
</title>
<meta http-equiv="Content-Type" content="text/html;charset=utf-8" />
  <meta name='ocr-system' content='tesseract 3.04.00' />
  <meta name='ocr-capabilities' content='ocr_page ocr_carea ocr_par ocr_line ocrx_word'/>
</head>
<body>
  <div class='ocr_page' id='page_1' title='image "./studiadidymeahi00florgoog_0030.png"; bbox 0 0 3667 5350; ppageno 0'>
   <div class='ocr_carea' id='block_1_1' title="bbox 828 589 1043 654">
    <p class='ocr_par' dir='ltr' id='par_1_1' title="bbox 828 589 1043 654">
     <span class='ocr_line' id='line_1_1' title="bbox 828 589 1043 654; baseline 0.009 -22"><span class='ocrx_word' id='word_1_1' title='bbox 828 589 1043 654; x_wconf 38' lang='lat'>*12-</span> 
     </span>
    </p>
   </div>
   <div class='ocr_carea' id='block_1_2' title="bbox 339 761 1524 1064">
    <p class='ocr_par' dir='ltr' id='par_1_2' title="bbox 339 761 1524 1064">
     <span class='ocr_line' id='line_1_2' title="bbox 344 761 1524 849; baseline 0.003 -23"><span class='ocrx_word' id='word_1_2' title='bbox 344 785 439 848; x_wconf 88' lang='grc' dir='ltr'><em>τερον</em></span> <span class='ocrx_word' id='word_1_3' title='bbox 475 765 553 849; x_wconf 86' lang='grc' dir='ltr'><em>πρὶν</em></span> <span class='ocrx_word' id='word_1_4' title='bbox 588 761 738 848; x_wconf 80' lang='grc' dir='ltr'><strong><em>ἔγνωσαν,</em></strong></span> <span class='ocrx_word' id='word_1_5' title='bbox 773 765 824 827; x_wconf 81' lang='grc' dir='ltr'>ὅτι</span> <span class='ocrx_word' id='word_1_6' title='bbox 856 765 893 826; x_wconf 80' lang='grc' dir='ltr'>οὐ</span> <span class='ocrx_word' id='word_1_7' title='bbox 925 770 1027 843; x_wconf 86' lang='grc' dir='ltr'><em>μόνον</em></span> <span class='ocrx_word' id='word_1_8' title='bbox 1059 765 1332 843; x_wconf 83' lang='grc' dir='ltr'><em>Λακεδαιμονίοις</em></span> <span class='ocrx_word' id='word_1_9' title='bbox 1368 764 1437 846; x_wconf 77' lang='grc' dir='ltr'><em>ἅμα</em></span> <span class='ocrx_word' id='word_1_10' title='bbox 1469 766 1524 829; x_wconf 82' lang='grc' dir='ltr'><em>καὶ</em></span> 
     </span>
     <span class='ocr_line' id='line_1_3' title="bbox 339 861 1523 960; baseline 0.001 -27"><span class='ocrx_word' id='word_1_11' title='bbox 339 870 473 953; x_wconf 37' lang='grc' dir='ltr'><em>,βασιλεῖ</em></span> <span class='ocrx_word' id='word_1_12' title='bbox 501 871 555 933; x_wconf 82' lang='grc' dir='ltr'><em>καὶ</em></span> <span class='ocrx_word' id='word_1_13' title='bbox 586 876 696 960; x_wconf 67' lang='grc' dir='ltr'><em>Σεύθη</em></span> <span class='ocrx_word' id='word_1_14' title='bbox 727 871 781 933; x_wconf 83' lang='grc' dir='ltr'><em>καὶ</em></span> <span class='ocrx_word' id='word_1_15' title='bbox 814 873 974 954; x_wconf 80' lang='grc' dir='ltr'><em>Διονυσίῳ</em></span> <span class='ocrx_word' id='word_1_16' title='bbox 1008 861 1061 933; x_wconf 86' lang='grc' dir='ltr'><em>καὶ</em></span> <span class='ocrx_word' id='word_1_17' title='bbox 1093 870 1367 955; x_wconf 81' lang='grc' dir='ltr'><em>Πελοποννησίοις</em></span> <span class='ocrx_word' id='word_1_18' title='bbox 1401 871 1523 958; x_wconf 78' lang='grc' dir='ltr'><em>ἀνάγκη</em></span> 
     </span>
     <span class='ocr_line' id='line_1_4' title="bbox 345 973 1522 1064; baseline 0.003 -24"><span class='ocrx_word' id='word_1_19' title='bbox 345 977 512 1061; x_wconf 77' lang='grc' dir='ltr'><em>πολεμεῖν,</em></span> <span class='ocrx_word' id='word_1_20' title='bbox 542 973 618 1040; x_wconf 80' lang='grc' dir='ltr'><em>ἐπεὶ</em></span> <span class='ocrx_word' id='word_1_21' title='bbox 642 979 725 1062; x_wconf 84' lang='grc' dir='ltr'><em>πρὸς</em></span> <span class='ocrx_word' id='word_1_22' title='bbox 748 984 842 1040; x_wconf 81' lang='grc' dir='ltr'><em>τοῦτό</em></span> <span class='ocrx_word' id='word_1_23' title='bbox 868 998 901 1056; x_wconf 91' lang='grc' dir='ltr'>γε</span> <span class='ocrx_word' id='word_1_24' title='bbox 932 978 1079 1064; x_wconf 78' lang='grc' dir='ltr'><em>ὑπῆρχον</em></span> <span class='ocrx_word' id='word_1_25' title='bbox 1103 983 1411 1060; x_wconf 77' lang='grc' dir='ltr'><em>παρεσκευασμένοι,</em></span> <span class='ocrx_word' id='word_1_26' title='bbox 1442 979 1522 1043; x_wconf 83' lang='grc' dir='ltr'><em>ἀλλὰ</em></span> 
     </span>
    </p>
   </div>
   <div class='ocr_carea' id='block_1_3' title="bbox 223 1079 1522 1169">
    <p class='ocr_par' dir='ltr' id='par_1_3' title="bbox 223 1079 1522 1169">
     <span class='ocr_line' id='line_1_5' title="bbox 223 1079 1522 1169; baseline 0.003 -24"><span class='ocrx_word' id='word_1_27' title='bbox 223 1154 226 1159; x_wconf 15' lang='grc' dir='ltr'><strong>Δ</strong></span> <span class='ocrx_word' id='word_1_28' title='bbox 343 1086 399 1146; x_wconf 83' lang='grc' dir='ltr'><em>καὶ</em></span> <span class='ocrx_word' id='word_1_29' title='bbox 422 1092 489 1156; x_wconf 86' lang='grc' dir='ltr'><em>τοῖς</em></span> <span class='ocrx_word' id='word_1_30' title='bbox 512 1088 689 1165; x_wconf 84' lang='grc' dir='ltr'><em>συμμάχοις</em></span> <span class='ocrx_word' id='word_1_31' title='bbox 712 1093 780 1155; x_wconf 89' lang='grc' dir='ltr'><em>τοῖς</em></span> <span class='ocrx_word' id='word_1_32' title='bbox 803 1079 966 1168; x_wconf 75' lang='grc' dir='ltr'><em>σφετέροις</em></span> <span class='ocrx_word' id='word_1_33' title='bbox 983 1086 1097 1149; x_wconf 79' lang='grc' dir='ltr'><em>αὐτῶν.</em></span> <span class='ocrx_word' id='word_1_34' title='bbox 1121 1084 1203 1145; x_wconf 72' lang='grc' dir='ltr'><em>οὕτω</em></span> <span class='ocrx_word' id='word_1_35' title='bbox 1221 1085 1451 1169; x_wconf 66' lang='grc' dir='ltr'><em>προύδόθησαν</em></span> <span class='ocrx_word' id='word_1_36' title='bbox 1467 1088 1522 1149; x_wconf 88' lang='grc' dir='ltr'><em>καὶ</em></span> 
     </span>
    </p>
   </div>
   <div class='ocr_carea' id='block_1_4' title="bbox 337 1187 1527 3526">
    <p class='ocr_par' dir='ltr' id='par_1_4' title="bbox 277 1187 1522 1605">
     <span class='ocr_line' id='line_1_6' title="bbox 344 1187 1521 1277; baseline 0.003 -25"><span class='ocrx_word' id='word_1_37' title='bbox 344 1187 414 1253; x_wconf 75' lang='grc' dir='ltr'>οὐδ’</span> <span class='ocrx_word' id='word_1_38' title='bbox 437 1191 536 1262; x_wconf 71' lang='grc' dir='ltr'><em>οὕτως</em></span> <span class='ocrx_word' id='word_1_39' title='bbox 560 1191 703 1262; x_wconf 82' lang='grc' dir='ltr'><em>ἁπάσαις</em></span> <span class='ocrx_word' id='word_1_40' title='bbox 726 1199 797 1263; x_wconf 85' lang='grc' dir='ltr'><em>ταῖς</em></span> <span class='ocrx_word' id='word_1_41' title='bbox 828 1193 950 1277; x_wconf 75' lang='grc' dir='ltr'><em>ψήφοις</em></span> <span class='ocrx_word' id='word_1_42' title='bbox 973 1192 1164 1272; x_wconf 76' lang='grc' dir='ltr'><em>ὑπέμειναν,</em></span> <span class='ocrx_word' id='word_1_43' title='bbox 1195 1189 1274 1253; x_wconf 78' lang='grc' dir='ltr'><em>ἀλλὰ</em></span> <span class='ocrx_word' id='word_1_44' title='bbox 1303 1202 1367 1252; x_wconf 80' lang='grc' dir='ltr'>τῶν</span> <span class='ocrx_word' id='word_1_45' title='bbox 1390 1213 1424 1271; x_wconf 88' lang='grc' dir='ltr'>γε</span> <span class='ocrx_word' id='word_1_46' title='bbox 1449 1214 1521 1255; x_wconf 89' lang='grc' dir='ltr'><em>πει-</em></span> 
     </span>
     <span class='ocr_line' id='line_1_7' title="bbox 344 1298 1522 1386; baseline 0.008 -26"><span class='ocrx_word' id='word_1_47' title='bbox 344 1302 469 1361; x_wconf 78' lang='grc' dir='ltr'><em>σάντων</em></span> <span class='ocrx_word' id='word_1_48' title='bbox 492 1298 723 1381; x_wconf 73' lang='grc' dir='ltr'><em>κατέγνωσαυ,“</em></span> <span class='ocrx_word' id='word_1_49' title='bbox 757 1300 880 1385; x_wconf 88' lang='lat' dir='ltr'>quibus</span> <span class='ocrx_word' id='word_1_50' title='bbox 910 1300 1020 1366; x_wconf 83' lang='lat' dir='ltr'>verbis</span> <span class='ocrx_word' id='word_1_51' title='bbox 1051 1300 1231 1366; x_wconf 82' lang='lat' dir='ltr'>scholiasta</span> <span class='ocrx_word' id='word_1_52' title='bbox 1261 1300 1340 1366; x_wconf 92' lang='lat' dir='ltr'>haec</span> <span class='ocrx_word' id='word_1_53' title='bbox 1370 1300 1522 1386; x_wconf 82' lang='lat' dir='ltr'>adiecit1)</span> 
     </span>
     <span class='ocr_line' id='line_1_8' title="bbox 353 1400 1522 1491; baseline 0 -22"><span class='ocrx_word' id='word_1_54' title='bbox 353 1403 417 1489; x_wconf 72' lang='grc' dir='ltr'><em>,εἰς</em></span> <span class='ocrx_word' id='word_1_55' title='bbox 448 1401 644 1491; x_wconf 77' lang='grc' dir='ltr'><em>Ἐπικράτην</em></span> <span class='ocrx_word' id='word_1_56' title='bbox 680 1403 864 1488; x_wconf 82' lang='grc' dir='ltr'><em>αἰνίττεται,</em></span> <span class='ocrx_word' id='word_1_57' title='bbox 903 1401 937 1476; x_wconf 76' lang='grc' dir='ltr'>ὃς</span> <span class='ocrx_word' id='word_1_58' title='bbox 972 1401 1103 1467; x_wconf 80' lang='grc' dir='ltr'><em>ἔπεισεν</em></span> <span class='ocrx_word' id='word_1_59' title='bbox 1127 1400 1322 1489; x_wconf 73' lang='grc' dir='ltr'><em>Ἀθηναίους</em></span> <span class='ocrx_word' id='word_1_60' title='bbox 1352 1401 1394 1468; x_wconf 75' lang='grc' dir='ltr'>δι’</span> <span class='ocrx_word' id='word_1_61' title='bbox 1417 1405 1522 1491; x_wconf 80' lang='grc' dir='ltr'><em>ἅσπερ</em></span> 
     </span>
     <span class='ocr_line' id='line_1_9' title="bbox 337 1509 1010 1605; baseline -0.004 -31.246"><span class='ocrx_word' id='word_1_62' title='bbox 337 1511 438 1605; x_wconf 76' lang='grc' dir='ltr'><em>,ἴσμεν</em></span> <span class='ocrx_word' id='word_1_63' title='bbox 464 1509 569 1583; x_wconf 82' lang='grc' dir='ltr'><em>αἰτίας</em></span> <span class='ocrx_word' id='word_1_64' title='bbox 591 1512 747 1585; x_wconf 74' lang='grc' dir='ltr'><em>δέξασθαι</em></span> <span class='ocrx_word' id='word_1_65' title='bbox 769 1509 828 1598; x_wconf 79' lang='grc' dir='ltr'>τὴν</span> <span class='ocrx_word' id='word_1_66' title='bbox 852 1509 1010 1599; x_wconf 76' lang='grc' dir='ltr'><em>εἰρήνην,“</em></span> 
     </span>
    </p>

    <p class='ocr_par' dir='ltr' id='par_1_5' title="bbox 343 1600 1527 2341">
     <span class='ocr_line' id='line_1_10' title="bbox 398 1600 1518 1705; baseline 0.002 -19"><span class='ocrx_word' id='word_1_67' title='bbox 398 1600 504 1687; x_wconf 69' lang='grc' dir='ltr'><em>Ἦαο</em></span> <span class='ocrx_word' id='word_1_68' title='bbox 532 1620 666 1700; x_wconf 84' lang='lat' dir='ltr'>accedit,</span> <span class='ocrx_word' id='word_1_69' title='bbox 699 1621 788 1704; x_wconf 83' lang='lat' dir='ltr'>quod</span> <span class='ocrx_word' id='word_1_70' title='bbox 818 1624 915 1687; x_wconf 92' lang='lat' dir='ltr'>etiam</span> <span class='ocrx_word' id='word_1_71' title='bbox 947 1621 1062 1705; x_wconf 80' lang='lat' dir='ltr'>Lysiae</span> <span class='ocrx_word' id='word_1_72' title='bbox 1091 1623 1240 1685; x_wconf 90' lang='lat' dir='ltr'>oratione</span> <span class='ocrx_word' id='word_1_73' title='bbox 1268 1620 1310 1685; x_wconf 80' lang='lat'>27</span> <span class='ocrx_word' id='word_1_74' title='bbox 1343 1621 1383 1687; x_wconf 92' lang='lat' dir='ltr'>de</span> <span class='ocrx_word' id='word_1_75' title='bbox 1415 1641 1518 1688; x_wconf 91' lang='lat' dir='ltr'>causa</span> 
     </span>
     <span class='ocr_line' id='line_1_11' title="bbox 344 1725 1516 1812; baseline 0.002 -19"><span class='ocrx_word' id='word_1_76' title='bbox 344 1728 486 1812; x_wconf 87' lang='lat' dir='ltr'>quadam</span> <span class='ocrx_word' id='word_1_77' title='bbox 505 1725 664 1811; x_wconf 76' lang='lat' dir='ltr'>Epicratis</span> <span class='ocrx_word' id='word_1_78' title='bbox 689 1731 803 1811; x_wconf 86' lang='lat' dir='ltr'>agitur,</span> <span class='ocrx_word' id='word_1_79' title='bbox 829 1728 869 1793; x_wconf 94' lang='lat' dir='ltr'>de</span> <span class='ocrx_word' id='word_1_80' title='bbox 886 1748 951 1812; x_wconf 85' lang='lat' dir='ltr'>qua</span> <span class='ocrx_word' id='word_1_81' title='bbox 969 1726 1052 1793; x_wconf 88' lang='lat' dir='ltr'>inira</span> <span class='ocrx_word' id='word_1_82' title='bbox 1070 1746 1145 1793; x_wconf 91' lang='lat' dir='ltr'>sum</span> <span class='ocrx_word' id='word_1_83' title='bbox 1163 1727 1375 1795; x_wconf 77' lang='lat' dir='ltr'>disserturus.</span> <span class='ocrx_word' id='word_1_84' title='bbox 1402 1729 1516 1812; x_wconf 82' lang='lat' dir='ltr'><strong>Neque</strong></span> 
     </span>
     <span class='ocr_line' id='line_1_12' title="bbox 344 1830 1518 1919; baseline 0.001 -18"><span class='ocrx_word' id='word_1_85' title='bbox 344 1838 493 1901; x_wconf 91' lang='lat' dir='ltr'>omittam</span> <span class='ocrx_word' id='word_1_86' title='bbox 523 1834 809 1919; x_wconf 64' lang='lat' dir='ltr'>liegesandrumil</span> <span class='ocrx_word' id='word_1_87' title='bbox 839 1841 870 1901; x_wconf 95' lang='lat' dir='ltr'>et</span> <span class='ocrx_word' id='word_1_88' title='bbox 902 1830 1143 1916; x_wconf 72' lang='lat' dir='ltr'>Plutarchum⁸l</span> <span class='ocrx_word' id='word_1_89' title='bbox 1177 1853 1307 1899; x_wconf 92' lang='lat' dir='ltr'>narrare</span> <span class='ocrx_word' id='word_1_90' title='bbox 1338 1835 1518 1918; x_wconf 75' lang='lat' dir='ltr'>Epicratem</span> 
     </span>
     <span class='ocr_line' id='line_1_13' title="bbox 343 1940 1527 2026; baseline 0.006 -24"><span class='ocrx_word' id='word_1_91' title='bbox 343 1940 535 2024; x_wconf 78' lang='grc' dir='ltr'><em>δωροδοκίας</em></span> <span class='ocrx_word' id='word_1_92' title='bbox 551 1947 752 2022; x_wconf 88' lang='lat' dir='ltr'>accusatum,</span> <span class='ocrx_word' id='word_1_93' title='bbox 773 1941 861 2026; x_wconf 89' lang='lat' dir='ltr'>quod</span> <span class='ocrx_word' id='word_1_94' title='bbox 881 1941 1010 2026; x_wconf 89' lang='lat' dir='ltr'>legatus</span> <span class='ocrx_word' id='word_1_95' title='bbox 1027 1942 1068 2007; x_wconf 88' lang='lat' dir='ltr'>ad</span> <span class='ocrx_word' id='word_1_96' title='bbox 1083 1960 1191 2024; x_wconf 88' lang='lat' dir='ltr'>regem</span> <span class='ocrx_word' id='word_1_97' title='bbox 1206 1942 1376 2007; x_wconf 83' lang='lat' dir='ltr'>Persarum</span> <span class='ocrx_word' id='word_1_98' title='bbox 1392 1945 1527 2009; x_wconf 87' lang='lat' dir='ltr'>missus·</span> 
     </span>
     <span class='ocr_line' id='line_1_14' title="bbox 345 2049 1521 2135; baseline 0.002 -21"><span class='ocrx_word' id='word_1_99' title='bbox 345 2049 446 2116; x_wconf 89' lang='lat' dir='ltr'>donis</span> <span class='ocrx_word' id='word_1_100' title='bbox 473 2055 648 2133; x_wconf 92' lang='lat' dir='ltr'>corruptus</span> <span class='ocrx_word' id='word_1_101' title='bbox 673 2055 772 2130; x_wconf 88' lang='lat' dir='ltr'>esset,</span> <span class='ocrx_word' id='word_1_102' title='bbox 796 2050 855 2114; x_wconf 88' lang='lat' dir='ltr'>sed</span> <span class='ocrx_word' id='word_1_103' title='bbox 880 2049 1071 2115; x_wconf 91' lang='lat' dir='ltr'>absolutum</span> <span class='ocrx_word' id='word_1_104' title='bbox 1097 2069 1181 2116; x_wconf 89' lang='lat' dir='ltr'>esse.</span> <span class='ocrx_word' id='word_1_105' title='bbox 1228 2050 1322 2135; x_wconf 72' lang='lat' dir='ltr'>Apud</span> <span class='ocrx_word' id='word_1_106' title='bbox 1349 2050 1521 2116; x_wconf 86' lang='lat' dir='ltr'>Philocho-</span> 
     </span>
     <span class='ocr_line' id='line_1_15' title="bbox 346 2155 1520 2240; baseline 0 -18"><span class='ocrx_word' id='word_1_107' title='bbox 346 2176 417 2222; x_wconf 91' lang='lat' dir='ltr'>rum</span> <span class='ocrx_word' id='word_1_108' title='bbox 443 2161 552 2222; x_wconf 89' lang='lat' dir='ltr'>autem</span> <span class='ocrx_word' id='word_1_109' title='bbox 579 2156 720 2239; x_wconf 89' lang='lat' dir='ltr'>legimus</span> <span class='ocrx_word' id='word_1_110' title='bbox 745 2174 819 2221; x_wconf 88' lang='lat' dir='ltr'>eum</span> <span class='ocrx_word' id='word_1_111' title='bbox 846 2174 920 2221; x_wconf 92' lang='lat' dir='ltr'>cum</span> <span class='ocrx_word' id='word_1_112' title='bbox 945 2155 1019 2221; x_wconf 85' lang='lat' dir='ltr'>aliis</span> <span class='ocrx_word' id='word_1_113' title='bbox 1044 2157 1161 2240; x_wconf 90' lang='lat' dir='ltr'>legatis</span> <span class='ocrx_word' id='word_1_114' title='bbox 1178 2176 1266 2223; x_wconf 92' lang='lat' dir='ltr'>anno</span> <span class='ocrx_word' id='word_1_115' title='bbox 1286 2156 1346 2222; x_wconf 83' lang='lat'>391</span> <span class='ocrx_word' id='word_1_116' title='bbox 1368 2157 1520 2240; x_wconf 74' lang='lat' dir='ltr'>Spartam</span> 
     </span>
     <span class='ocr_line' id='line_1_16' title="bbox 346 2262 1018 2341; baseline -0.003 -11"><span class='ocrx_word' id='word_1_117' title='bbox 346 2266 462 2330; x_wconf 91' lang='lat' dir='ltr'>missis</span> <span class='ocrx_word' id='word_1_118' title='bbox 487 2266 519 2328; x_wconf 93' lang='lat' dir='ltr'>in</span> <span class='ocrx_word' id='word_1_119' title='bbox 544 2262 677 2329; x_wconf 88' lang='lat' dir='ltr'>exilium</span> <span class='ocrx_word' id='word_1_120' title='bbox 704 2265 841 2328; x_wconf 92' lang='lat' dir='ltr'>eiectum</span> <span class='ocrx_word' id='word_1_121' title='bbox 868 2281 953 2328; x_wconf 90' lang='lat' dir='ltr'>esse.</span> <span class='ocrx_word' id='word_1_122' title='bbox 1015 2336 1018 2341; x_wconf 55' lang='grc'>,</span> 
     </span>
    </p>

    <p class='ocr_par' dir='ltr' id='par_1_6' title="bbox 347 2369 1525 3526">
     <span class='ocr_line' id='line_1_17' title="bbox 436 2369 1522 2454; baseline -0.004 -19"><span class='ocrx_word' id='word_1_123' title='bbox 436 2369 515 2436; x_wconf 86' lang='lat' dir='ltr'>Cum</span> <span class='ocrx_word' id='word_1_124' title='bbox 546 2375 595 2435; x_wconf 85' lang='lat' dir='ltr'>tot</span> <span class='ocrx_word' id='word_1_125' title='bbox 626 2372 834 2436; x_wconf 81' lang='lat' dir='ltr'>testimoniis</span> <span class='ocrx_word' id='word_1_126' title='bbox 860 2372 1104 2453; x_wconf 84' lang='lat' dir='ltr'>comperiamus</span> <span class='ocrx_word' id='word_1_127' title='bbox 1133 2370 1315 2454; x_wconf 76' lang='lat' dir='ltr'>Epicratem</span> <span class='ocrx_word' id='word_1_128' title='bbox 1348 2390 1522 2453; x_wconf 86' lang='grc' dir='ltr'><em>παραπρε-</em></span> 
     </span>
     <span class='ocr_line' id='line_1_18' title="bbox 351 2476 1523 2560; baseline 0.005 -22"><span class='ocrx_word' id='word_1_129' title='bbox 351 2478 459 2558; x_wconf 79' lang='grc' dir='ltr'><em>σβείας</em></span> <span class='ocrx_word' id='word_1_130' title='bbox 482 2482 673 2543; x_wconf 91' lang='lat' dir='ltr'>accusatum</span> <span class='ocrx_word' id='word_1_131' title='bbox 699 2495 784 2558; x_wconf 88' lang='lat' dir='ltr'>esse,</span> <span class='ocrx_word' id='word_1_132' title='bbox 809 2483 918 2543; x_wconf 91' lang='lat' dir='ltr'>tamen</span> <span class='ocrx_word' id='word_1_133' title='bbox 943 2476 1030 2560; x_wconf 89' lang='lat' dir='ltr'>apud</span> <span class='ocrx_word' id='word_1_134' title='bbox 1046 2477 1130 2543; x_wconf 90' lang='lat' dir='ltr'>alios</span> <span class='ocrx_word' id='word_1_135' title='bbox 1147 2484 1298 2544; x_wconf 86' lang='lat' dir='ltr'>auctores</span> <span class='ocrx_word' id='word_1_136' title='bbox 1322 2496 1397 2544; x_wconf 93' lang='lat' dir='ltr'>eum</span> <span class='ocrx_word' id='word_1_137' title='bbox 1422 2477 1523 2544; x_wconf 93' lang='lat' dir='ltr'>abso-</span> 
     </span>
     <span class='ocr_line' id='line_1_19' title="bbox 348 2583 1522 2668; baseline 0.001 -19"><span class='ocrx_word' id='word_1_138' title='bbox 348 2585 453 2649; x_wconf 86' lang='lat' dir='ltr'>lutum</span> <span class='ocrx_word' id='word_1_139' title='bbox 479 2584 630 2667; x_wconf 90' lang='lat' dir='ltr'>legimus,</span> <span class='ocrx_word' id='word_1_140' title='bbox 653 2584 741 2667; x_wconf 92' lang='lat' dir='ltr'>apud</span> <span class='ocrx_word' id='word_1_141' title='bbox 766 2584 850 2649; x_wconf 92' lang='lat' dir='ltr'>alios</span> <span class='ocrx_word' id='word_1_142' title='bbox 874 2603 949 2648; x_wconf 92' lang='lat' dir='ltr'>eum</span> <span class='ocrx_word' id='word_1_143' title='bbox 975 2583 1167 2650; x_wconf 91' lang='lat' dir='ltr'>damnatum</span> <span class='ocrx_word' id='word_1_144' title='bbox 1192 2603 1277 2650; x_wconf 90' lang='lat' dir='ltr'>esse.</span> <span class='ocrx_word' id='word_1_145' title='bbox 1324 2584 1429 2668; x_wconf 79' lang='lat' dir='ltr'>Atque</span> <span class='ocrx_word' id='word_1_146' title='bbox 1451 2585 1522 2650; x_wconf 89' lang='lat' dir='ltr'>Pla-</span> 
     </span>
     <span class='ocr_line' id='line_1_20' title="bbox 347 2690 1524 2775; baseline 0 -17"><span class='ocrx_word' id='word_1_147' title='bbox 347 2695 437 2758; x_wconf 89' lang='lat' dir='ltr'>tonis</span> <span class='ocrx_word' id='word_1_148' title='bbox 465 2690 658 2775; x_wconf 86' lang='lat' dir='ltr'>iragmenta,</span> <span class='ocrx_word' id='word_1_149' title='bbox 692 2691 926 2757; x_wconf 85' lang='lat' dir='ltr'>Demosthenis</span> <span class='ocrx_word' id='word_1_150' title='bbox 960 2692 1077 2771; x_wconf 89' lang='lat' dir='ltr'>locum,</span> <span class='ocrx_word' id='word_1_151' title='bbox 1109 2691 1263 2758; x_wconf 72' lang='lat' dir='ltr'>Aristidis</span> <span class='ocrx_word' id='word_1_152' title='bbox 1294 2696 1524 2773; x_wconf 85' lang='lat' dir='ltr'>narrationem,</span> 
     </span>
     <span class='ocr_line' id='line_1_21' title="bbox 347 2797 1524 2882; baseline -0.001 -17"><span class='ocrx_word' id='word_1_153' title='bbox 347 2799 500 2865; x_wconf 87' lang='lat' dir='ltr'>scholion</span> <span class='ocrx_word' id='word_1_154' title='bbox 526 2798 603 2864; x_wconf 93' lang='lat' dir='ltr'>huic</span> <span class='ocrx_word' id='word_1_155' title='bbox 627 2797 801 2877; x_wconf 92' lang='lat' dir='ltr'>adiectum,</span> <span class='ocrx_word' id='word_1_156' title='bbox 826 2799 906 2863; x_wconf 90' lang='lat' dir='ltr'>haec</span> <span class='ocrx_word' id='word_1_157' title='bbox 930 2802 1042 2864; x_wconf 91' lang='lat' dir='ltr'>omnia</span> <span class='ocrx_word' id='word_1_158' title='bbox 1065 2799 1108 2864; x_wconf 91' lang='lat' dir='ltr'>ad</span> <span class='ocrx_word' id='word_1_159' title='bbox 1134 2817 1250 2882; x_wconf 88' lang='lat' dir='ltr'>pacem</span> <span class='ocrx_word' id='word_1_160' title='bbox 1268 2818 1356 2865; x_wconf 94' lang='lat' dir='ltr'>anno</span> <span class='ocrx_word' id='word_1_161' title='bbox 1373 2799 1439 2864; x_wconf 85' lang='grc'>386</span> <span class='ocrx_word' id='word_1_162' title='bbox 1456 2799 1524 2864; x_wconf 82' lang='lat' dir='ltr'>hn-</span> 
     </span>
     <span class='ocr_line' id='line_1_22' title="bbox 348 2904 1523 2991; baseline 0.001 -20"><span class='ocrx_word' id='word_1_163' title='bbox 348 2906 467 2972; x_wconf 91' lang='lat' dir='ltr'>talcida</span> <span class='ocrx_word' id='word_1_164' title='bbox 497 2911 629 2972; x_wconf 92' lang='lat' dir='ltr'>auctore</span> <span class='ocrx_word' id='word_1_165' title='bbox 658 2904 778 2971; x_wconf 84' lang='lat' dir='ltr'>iactam</span> <span class='ocrx_word' id='word_1_166' title='bbox 807 2911 906 2989; x_wconf 88' lang='lat' dir='ltr'>atque</span> <span class='ocrx_word' id='word_1_167' title='bbox 935 2906 975 2971; x_wconf 92' lang='lat' dir='ltr'>ad</span> <span class='ocrx_word' id='word_1_168' title='bbox 1006 2924 1077 2971; x_wconf 90' lang='lat' dir='ltr'>eam</span> <span class='ocrx_word' id='word_1_169' title='bbox 1103 2904 1309 2988; x_wconf 85' lang='lat' dir='ltr'>legationem,</span> <span class='ocrx_word' id='word_1_170' title='bbox 1334 2926 1399 2990; x_wconf 92' lang='lat' dir='ltr'>qua</span> <span class='ocrx_word' id='word_1_171' title='bbox 1424 2907 1523 2991; x_wconf 90' lang='lat' dir='ltr'>paulo</span> 
     </span>
     <span class='ocr_line' id='line_1_23' title="bbox 348 3012 1521 3097; baseline 0.001 -19"><span class='ocrx_word' id='word_1_172' title='bbox 348 3018 424 3079; x_wconf 94' lang='lat' dir='ltr'>ante</span> <span class='ocrx_word' id='word_1_173' title='bbox 452 3012 646 3097; x_wconf 81' lang='lat' dir='ltr'>perfunctus</span> <span class='ocrx_word' id='word_1_174' title='bbox 682 3018 774 3079; x_wconf 87' lang='lat' dir='ltr'>esset</span> <span class='ocrx_word' id='word_1_175' title='bbox 802 3012 984 3095; x_wconf 76' lang='lat' dir='ltr'>Epicrates,</span> <span class='ocrx_word' id='word_1_176' title='bbox 1017 3015 1179 3096; x_wconf 87' lang='lat' dir='ltr'>pertinere</span> <span class='ocrx_word' id='word_1_177' title='bbox 1208 3012 1317 3079; x_wconf 89' lang='lat' dir='ltr'>adhuc</span> <span class='ocrx_word' id='word_1_178' title='bbox 1344 3016 1403 3078; x_wconf 83' lang='lat' dir='ltr'>viri</span> <span class='ocrx_word' id='word_1_179' title='bbox 1435 3014 1521 3079; x_wconf 92' lang='lat' dir='ltr'>docti</span> 
     </span>
     <span class='ocr_line' id='line_1_24' title="bbox 348 3116 1524 3204; baseline 0.001 -18"><span class='ocrx_word' id='word_1_180' title='bbox 348 3116 585 3204; x_wconf 85' lang='lat' dir='ltr'>putaverunt⁴).</span> <span class='ocrx_word' id='word_1_181' title='bbox 632 3117 713 3186; x_wconf 84' lang='lat' dir='ltr'>Cum</span> <span class='ocrx_word' id='word_1_182' title='bbox 739 3118 792 3184; x_wconf 91' lang='lat' dir='ltr'>his</span> <span class='ocrx_word' id='word_1_183' title='bbox 816 3126 925 3184; x_wconf 91' lang='lat' dir='ltr'>autem</span> <span class='ocrx_word' id='word_1_184' title='bbox 943 3122 1149 3186; x_wconf 90' lang='lat' dir='ltr'>testimoniis</span> <span class='ocrx_word' id='word_1_185' title='bbox 1167 3120 1339 3186; x_wconf 86' lang='lat' dir='ltr'>contendit</span> <span class='ocrx_word' id='word_1_186' title='bbox 1360 3120 1413 3186; x_wconf 93' lang='lat' dir='ltr'>ille</span> <span class='ocrx_word' id='word_1_187' title='bbox 1431 3120 1524 3187; x_wconf 93' lang='lat' dir='ltr'>locus</span> 
     </span>
     <span class='ocr_line' id='line_1_25' title="bbox 348 3226 1525 3311; baseline 0.001 -18"><span class='ocrx_word' id='word_1_188' title='bbox 348 3227 591 3307; x_wconf 85' lang='lat' dir='ltr'>Philochoreus,</span> <span class='ocrx_word' id='word_1_189' title='bbox 623 3245 663 3291; x_wconf 86' lang='lat' dir='ltr'>ex</span> <span class='ocrx_word' id='word_1_190' title='bbox 694 3245 760 3311; x_wconf 88' lang='lat' dir='ltr'>quo</span> <span class='ocrx_word' id='word_1_191' title='bbox 793 3232 929 3310; x_wconf 89' lang='lat' dir='ltr'>apparet</span> <span class='ocrx_word' id='word_1_192' title='bbox 958 3226 1138 3309; x_wconf 75' lang='lat' dir='ltr'>Epicratem</span> <span class='ocrx_word' id='word_1_193' title='bbox 1171 3246 1260 3293; x_wconf 91' lang='lat' dir='ltr'>anno</span> <span class='ocrx_word' id='word_1_194' title='bbox 1291 3226 1355 3292; x_wconf 83' lang='lat'>391</span> <span class='ocrx_word' id='word_1_195' title='bbox 1385 3227 1525 3294; x_wconf 78' lang='lat' dir='ltr'>Athenis</span> 
     </span>
     <span class='ocr_line' id='line_1_26' title="bbox 347 3332 1524 3419; baseline 0 -19"><span class='ocrx_word' id='word_1_196' title='bbox 347 3335 486 3419; x_wconf 79' lang='lat' dir='ltr'>fugisse.</span> <span class='ocrx_word' id='word_1_197' title='bbox 533 3333 644 3418; x_wconf 87' lang='lat' dir='ltr'>Neque</span> <span class='ocrx_word' id='word_1_198' title='bbox 669 3336 756 3399; x_wconf 89' lang='lat' dir='ltr'>enim</span> <span class='ocrx_word' id='word_1_199' title='bbox 781 3340 861 3417; x_wconf 95' lang='lat' dir='ltr'>puto</span> <span class='ocrx_word' id='word_1_200' title='bbox 887 3333 949 3400; x_wconf 90' lang='lat' dir='ltr'>hoc</span> <span class='ocrx_word' id='word_1_201' title='bbox 973 3334 1045 3400; x_wconf 92' lang='lat' dir='ltr'>loco</span> <span class='ocrx_word' id='word_1_202' title='bbox 1062 3333 1290 3400; x_wconf 83' lang='lat' dir='ltr'>Philochorum</span> <span class='ocrx_word' id='word_1_203' title='bbox 1317 3332 1524 3418; x_wconf 77' lang='lat' dir='ltr'>erravisse⁶).</span> 
     </span>
     <span class='ocr_line' id='line_1_27' title="bbox 349 3441 1525 3526; baseline 0.001 -19"><span class='ocrx_word' id='word_1_204' title='bbox 349 3442 398 3507; x_wconf 82' lang='lat' dir='ltr'>hn</span> <span class='ocrx_word' id='word_1_205' title='bbox 423 3444 600 3525; x_wconf 87' lang='lat' dir='ltr'>quisquam</span> <span class='ocrx_word' id='word_1_206' title='bbox 627 3441 728 3507; x_wconf 91' lang='lat' dir='ltr'>credit</span> <span class='ocrx_word' id='word_1_207' title='bbox 753 3441 852 3522; x_wconf 88' lang='lat' dir='ltr'>illum,</span> <span class='ocrx_word' id='word_1_208' title='bbox 877 3444 933 3526; x_wconf 87' lang='lat' dir='ltr'>qui</span> <span class='ocrx_word' id='word_1_209' title='bbox 951 3460 1039 3508; x_wconf 90' lang='lat' dir='ltr'>anno</span> <span class='ocrx_word' id='word_1_210' title='bbox 1055 3442 1118 3507; x_wconf 82' lang='grc'>391</span> <span class='ocrx_word' id='word_1_211' title='bbox 1138 3443 1405 3523; x_wconf 82' lang='grc' dir='ltr'><em>παραπρεσβείας</em></span> <span class='ocrx_word' id='word_1_212' title='bbox 1427 3460 1525 3507; x_wconf 89' lang='lat' dir='ltr'>accu-</span> 
     </span>
    </p>
   </div>
   <div class='ocr_carea' id='block_1_5' title="bbox 251 3548 1524 3632">
    <p class='ocr_par' dir='ltr' id='par_1_7' title="bbox 251 3548 1524 3632">
     <span class='ocr_line' id='line_1_28' title="bbox 251 3548 1524 3632; baseline 0 -18"><span class='ocrx_word' id='word_1_213' title='bbox 251 3558 256 3565; x_wconf 85' lang='grc'><strong><em>’</em></strong></span> <span class='ocrx_word' id='word_1_214' title='bbox 348 3554 445 3615; x_wconf 91' lang='lat' dir='ltr'>satus</span> <span class='ocrx_word' id='word_1_215' title='bbox 478 3551 511 3613; x_wconf 93' lang='lat' dir='ltr'>in</span> <span class='ocrx_word' id='word_1_216' title='bbox 545 3548 677 3614; x_wconf 88' lang='lat' dir='ltr'>exilium</span> <span class='ocrx_word' id='word_1_217' title='bbox 710 3551 834 3615; x_wconf 85' lang='lat' dir='ltr'>eiectus</span> <span class='ocrx_word' id='word_1_218' title='bbox 866 3554 926 3628; x_wconf 83' lang='lat' dir='ltr'>est,</span> <span class='ocrx_word' id='word_1_219' title='bbox 960 3549 1059 3632; x_wconf 92' lang='lat' dir='ltr'>paulo</span> <span class='ocrx_word' id='word_1_220' title='bbox 1090 3554 1169 3632; x_wconf 85' lang='lat' dir='ltr'>post</span> <span class='ocrx_word' id='word_1_221' title='bbox 1198 3555 1387 3615; x_wconf 89' lang='lat' dir='ltr'>revocatum</span> <span class='ocrx_word' id='word_1_222' title='bbox 1417 3554 1450 3614; x_wconf 85' lang='lat' dir='ltr'>et</span> <span class='ocrx_word' id='word_1_223' title='bbox 1479 3552 1524 3614; x_wconf 90' lang='lat' dir='ltr'>ita</span> 
     </span>
    </p>
   </div>
   <div class='ocr_carea' id='block_1_6' title="bbox 348 3655 1526 3848">
    <p class='ocr_par' dir='ltr' id='par_1_8' title="bbox 348 3655 1526 3848">
     <span class='ocr_line' id='line_1_29' title="bbox 351 3655 1526 3739; baseline 0 -18"><span class='ocrx_word' id='word_1_224' title='bbox 351 3656 548 3722; x_wconf 90' lang='lat' dir='ltr'>honoratum</span> <span class='ocrx_word' id='word_1_225' title='bbox 581 3674 666 3737; x_wconf 88' lang='lat' dir='ltr'>esse,</span> <span class='ocrx_word' id='word_1_226' title='bbox 699 3661 734 3720; x_wconf 94' lang='lat' dir='ltr'>ut</span> <span class='ocrx_word' id='word_1_227' title='bbox 766 3655 875 3722; x_wconf 92' lang='lat' dir='ltr'>denuo</span> <span class='ocrx_word' id='word_1_228' title='bbox 909 3659 937 3722; x_wconf 91' lang='lat' dir='ltr'>ei</span> <span class='ocrx_word' id='word_1_229' title='bbox 970 3656 1145 3739; x_wconf 84' lang='lat' dir='ltr'>legationis</span> <span class='ocrx_word' id='word_1_230' title='bbox 1181 3674 1303 3721; x_wconf 90' lang='lat' dir='ltr'>munus</span> <span class='ocrx_word' id='word_1_231' title='bbox 1335 3655 1526 3729; x_wconf 75' lang='lat' dir='ltr'>deferretur.</span> 
     </span>
     <span class='ocr_line' id='line_1_30' title="bbox 348 3750 1525 3848; baseline 0.001 -20"><span class='ocrx_word' id='word_1_232' title='bbox 348 3771 446 3848; x_wconf 88' lang='lat' dir='ltr'>atque</span> <span class='ocrx_word' id='word_1_233' title='bbox 474 3762 536 3829; x_wconf 94' lang='lat' dir='ltr'>hac</span> <span class='ocrx_word' id='word_1_234' title='bbox 564 3750 730 3847; x_wconf 91' lang='lat' dir='ltr'>legatione</span> <span class='ocrx_word' id='word_1_235' title='bbox 761 3763 971 3846; x_wconf 83' lang='lat' dir='ltr'>perfunctum</span> <span class='ocrx_word' id='word_1_236' title='bbox 997 3766 1112 3829; x_wconf 91' lang='lat' dir='ltr'>iterum</span> <span class='ocrx_word' id='word_1_237' title='bbox 1138 3764 1405 3846; x_wconf 83' lang='grc' dir='ltr'><em>παραπρεσβείας</em></span> <span class='ocrx_word' id='word_1_238' title='bbox 1427 3781 1525 3829; x_wconf 90' lang='lat' dir='ltr'>accu-</span> 
     </span>
    </p>
   </div>
   <div class='ocr_carea' id='block_1_7' title="bbox 347 3976 1527 4584">
    <p class='ocr_par' dir='ltr' id='par_1_9' title="bbox 439 3976 709 4049">
     <span class='ocr_line' id='line_1_31' title="bbox 439 3976 709 4049; baseline -0.007 -15"><span class='ocrx_word' id='word_1_239' title='bbox 439 3976 446 4004; x_wconf 92' lang='lat'>¹</span> <span class='ocrx_word' id='word_1_240' title='bbox 478 3980 518 4034; x_wconf 82' lang='lat' dir='ltr'>ci.</span> <span class='ocrx_word' id='word_1_241' title='bbox 539 3996 601 4049; x_wconf 85' lang='lat' dir='ltr'>pag.</span> <span class='ocrx_word' id='word_1_242' title='bbox 623 3981 664 4044; x_wconf 88' lang='lat'>11,</span> <span class='ocrx_word' id='word_1_243' title='bbox 684 3982 709 4033; x_wconf 88' lang='lat'>5.</span> 
     </span>
    </p>

    <p class='ocr_par' dir='ltr' id='par_1_10' title="bbox 438 4064 1148 4138">
     <span class='ocr_line' id='line_1_32' title="bbox 438 4064 1148 4138; baseline 0.001 -15"><span class='ocrx_word' id='word_1_244' title='bbox 438 4064 449 4095; x_wconf 78' lang='lat'>²</span> <span class='ocrx_word' id='word_1_245' title='bbox 479 4070 650 4138; x_wconf 82' lang='lat' dir='ltr'>liegesandrl</span> <span class='ocrx_word' id='word_1_246' title='bbox 670 4068 769 4137; x_wconf 84' lang='lat' dir='ltr'>fragm.</span> <span class='ocrx_word' id='word_1_247' title='bbox 788 4069 813 4134; x_wconf 82' lang='lat' dir='ltr'>i,</span> <span class='ocrx_word' id='word_1_248' title='bbox 835 4068 859 4123; x_wconf 87' lang='lat' dir='ltr'>E.</span> <span class='ocrx_word' id='word_1_249' title='bbox 880 4069 911 4123; x_wconf 88' lang='lat' dir='ltr'>ll.</span> <span class='ocrx_word' id='word_1_250' title='bbox 933 4069 964 4124; x_wconf 87' lang='lat' dir='ltr'>G.</span> <span class='ocrx_word' id='word_1_251' title='bbox 985 4070 1027 4134; x_wconf 90' lang='lat' dir='ltr'>lV,</span> <span class='ocrx_word' id='word_1_252' title='bbox 1047 4086 1073 4137; x_wconf 93' lang='lat' dir='ltr'>p.</span> <span class='ocrx_word' id='word_1_253' title='bbox 1086 4070 1148 4124; x_wconf 81' lang='lat'>414.</span> 
     </span>
    </p>

    <p class='ocr_par' dir='ltr' id='par_1_11' title="bbox 437 4149 726 4225">
     <span class='ocr_line' id='line_1_33' title="bbox 437 4149 726 4225; baseline 0.003 -14"><span class='ocrx_word' id='word_1_254' title='bbox 437 4149 449 4185; x_wconf 78' lang='lat'>³</span> <span class='ocrx_word' id='word_1_255' title='bbox 482 4159 550 4213; x_wconf 74' lang='lat' dir='ltr'>Plut</span> <span class='ocrx_word' id='word_1_256' title='bbox 571 4160 662 4225; x_wconf 87' lang='lat' dir='ltr'>Pelop.</span> <span class='ocrx_word' id='word_1_257' title='bbox 682 4160 726 4212; x_wconf 90' lang='grc'>30.</span> 
     </span>
    </p>

    <p class='ocr_par' dir='ltr' id='par_1_12' title="bbox 347 4238 1526 4404">
     <span class='ocr_line' id='line_1_34' title="bbox 437 4238 1526 4315; baseline -0.004 -10"><span class='ocrx_word' id='word_1_258' title='bbox 437 4238 457 4306; x_wconf 74' lang='grc'>4)</span> <span class='ocrx_word' id='word_1_259' title='bbox 478 4248 506 4302; x_wconf 93' lang='lat' dir='ltr'>ln</span> <span class='ocrx_word' id='word_1_260' title='bbox 527 4250 622 4315; x_wconf 89' lang='lat' dir='ltr'>primis</span> <span class='ocrx_word' id='word_1_261' title='bbox 642 4248 772 4302; x_wconf 91' lang='lat' dir='ltr'>laudandi</span> <span class='ocrx_word' id='word_1_262' title='bbox 791 4253 857 4301; x_wconf 89' lang='lat' dir='ltr'>sunt</span> <span class='ocrx_word' id='word_1_263' title='bbox 877 4248 998 4315; x_wconf 81' lang='lat' dir='ltr'>llleyer</span> <span class='ocrx_word' id='word_1_264' title='bbox 1017 4242 1130 4303; x_wconf 84' lang='lat' dir='ltr'>(Gesch.</span> <span class='ocrx_word' id='word_1_265' title='bbox 1150 4249 1175 4301; x_wconf 87' lang='lat' dir='ltr'>d.</span> <span class='ocrx_word' id='word_1_266' title='bbox 1195 4246 1291 4301; x_wconf 76' lang='lat' dir='ltr'>Alteri.</span> <span class='ocrx_word' id='word_1_267' title='bbox 1307 4248 1337 4313; x_wconf 87' lang='lat' dir='ltr'>V,</span> <span class='ocrx_word' id='word_1_268' title='bbox 1349 4264 1375 4315; x_wconf 91' lang='lat' dir='ltr'>p.</span> <span class='ocrx_word' id='word_1_269' title='bbox 1387 4248 1447 4312; x_wconf 85' lang='grc'>268,</span> <span class='ocrx_word' id='word_1_270' title='bbox 1463 4248 1526 4313; x_wconf 87' lang='grc'>307,</span> 
     </span>
     <span class='ocr_line' id='line_1_35' title="bbox 347 4332 1526 4404; baseline 0.001 -14"><span class='ocrx_word' id='word_1_271' title='bbox 347 4333 421 4402; x_wconf 88' lang='grc'>310),</span> <span class='ocrx_word' id='word_1_272' title='bbox 441 4337 567 4392; x_wconf 87' lang='lat' dir='ltr'>Beloch</span> <span class='ocrx_word' id='word_1_273' title='bbox 587 4332 705 4398; x_wconf 84' lang='lat' dir='ltr'>(Griech.</span> <span class='ocrx_word' id='word_1_274' title='bbox 726 4336 825 4391; x_wconf 85' lang='lat' dir='ltr'>Gesch.</span> <span class='ocrx_word' id='word_1_275' title='bbox 846 4336 874 4401; x_wconf 91' lang='lat' dir='ltr'>ll,</span> <span class='ocrx_word' id='word_1_276' title='bbox 888 4334 961 4402; x_wconf 85' lang='grc'>232),</span> <span class='ocrx_word' id='word_1_277' title='bbox 981 4337 1155 4394; x_wconf 85' lang='lat' dir='ltr'>Kirchner</span> <span class='ocrx_word' id='word_1_278' title='bbox 1174 4334 1351 4404; x_wconf 86' lang='lat' dir='ltr'>(Prosopogr.</span> <span class='ocrx_word' id='word_1_279' title='bbox 1366 4333 1526 4395; x_wconf 55' lang='lat' dir='ltr'>Attiano).</span> 
     </span>
    </p>

    <p class='ocr_par' dir='ltr' id='par_1_13' title="bbox 347 4418 1527 4584">
     <span class='ocr_line' id='line_1_36' title="bbox 436 4418 1527 4494; baseline 0.001 -14"><span class='ocrx_word' id='word_1_280' title='bbox 436 4418 459 4486; x_wconf 72' lang='grc' dir='ltr'>ὗ)</span> <span class='ocrx_word' id='word_1_281' title='bbox 479 4427 565 4481; x_wconf 90' lang='lat' dir='ltr'>lmmo</span> <span class='ocrx_word' id='word_1_282' title='bbox 595 4443 661 4481; x_wconf 89' lang='lat' dir='ltr'>vero</span> <span class='ocrx_word' id='word_1_283' title='bbox 690 4443 752 4480; x_wconf 93' lang='lat' dir='ltr'>eum</span> <span class='ocrx_word' id='word_1_284' title='bbox 781 4428 989 4481; x_wconf 88' lang='lat' dir='ltr'>accuratissime</span> <span class='ocrx_word' id='word_1_285' title='bbox 1018 4444 1096 4481; x_wconf 91' lang='lat' dir='ltr'>usum</span> <span class='ocrx_word' id='word_1_286' title='bbox 1127 4443 1187 4481; x_wconf 86' lang='lat' dir='ltr'>esse</span> <span class='ocrx_word' id='word_1_287' title='bbox 1216 4427 1327 4481; x_wconf 87' lang='lat' dir='ltr'>decreto</span> <span class='ocrx_word' id='word_1_288' title='bbox 1357 4427 1383 4479; x_wconf 89' lang='lat' dir='ltr'>in</span> <span class='ocrx_word' id='word_1_289' title='bbox 1415 4428 1527 4494; x_wconf 86' lang='lat' dir='ltr'>legatos</span> 
     </span>
     <span class='ocr_line' id='line_1_37' title="bbox 347 4516 808 4584; baseline -0.002 -15"><span class='ocrx_word' id='word_1_290' title='bbox 347 4518 454 4583; x_wconf 89' lang='lat' dir='ltr'>scripto</span> <span class='ocrx_word' id='word_1_291' title='bbox 473 4532 557 4584; x_wconf 89' lang='lat' dir='ltr'>supra</span> <span class='ocrx_word' id='word_1_292' title='bbox 578 4516 808 4570; x_wconf 88' lang='lat' dir='ltr'>commemoravi.</span> 
     </span>
    </p>
   </div>
   <div class='ocr_carea' id='block_1_8' title="bbox 0 0 1843 5350">
    <p class='ocr_par' dir='ltr' id='par_1_14' title="bbox 0 0 1843 5350">
     <span class='ocr_line' id='line_1_38' title="bbox 0 0 1843 5350; baseline 0 0"><span class='ocrx_word' id='word_1_293' title='bbox 0 0 1843 5350; x_wconf 95' lang='lat' dir='ltr'> </span> 
     </span>
    </p>
   </div>
  </div>
 </body>
</html>
