3667 5350
799 581 1117 658 -32-,

324 763 380 846 qui
416 765 550 826 narrant
573 759 758 845 Philippum
790 781 808 827 α
833 762 1014 845 sagittario,
1047 763 1097 826 cul
1130 767 1221 826 esset
1247 779 1367 827 nomen
1392 760 1499 841 Aster,

324 867 531 934 vulneratum
565 886 650 934 esse.
697 867 776 934 Cum
803 871 867 934 iarn
891 871 985 951 prius
1008 870 1054 934 sit
1077 867 1273 948 dubitatum,
1303 871 1391 934 sitne
1415 887 1454 934 ea
1478 887 1499 934 a

324 973 532 1055 Callisthene,
556 977 612 1059 qui
628 974 802 1042 Alexandri
819 975 932 1058 lilagni
957 993 1011 1040 res
1034 981 1149 1058 gestas
1165 975 1350 1059 descripsit,
1372 974 1450 1042 licta
1463 972 1501 1057 ¹),

324 1102 365 1149 ex
388 1082 518 1166 Didymi
554 1080 674 1160 verbis,
705 1085 760 1166 qui
792 1080 919 1147 dehac
949 1101 983 1148 re
1014 1084 1152 1149 omnino
1185 1082 1270 1162 silet,
1302 1082 1499 1149 concludere

325 1208 509 1275 possumus
526 1191 598 1254 eius
614 1194 780 1256 auctorem
798 1188 904 1255 luisse
924 1188 1077 1255 Duridem
1094 1187 1255 1256 Samium.
1280 1189 1368 1255 lllam
1385 1195 1498 1257 autern

325 1300 452 1381 primus
473 1297 607 1380 protulit
622 1295 866 1380 Theopompus,
890 1299 941 1361 cui
967 1299 1065 1362 etiam
1090 1296 1171 1362 haec
1193 1297 1291 1363 verba
1320 1304 1403 1378 ,rou
1426 1311 1499 1358 συν-

324 1405 582 1484 εστρατευκότων
611 1403 700 1487 αὐτῷ
727 1402 839 1479 σχεδὸν
861 1405 997 1463 πάντων
1021 1403 1191 1479 τοξεύματι
1213 1401 1370 1480 λεγόντων
1397 1403 1499 1466 αὐτὸν

325 1508 525 1592 τετρῶσθαι“
560 1509 768 1577 attribuenda
799 1511 952 1575 videntur
979 1529 1065 1576 esse.
1114 1510 1160 1574 Ex
1191 1511 1244 1576 his
1272 1515 1359 1577 enirn
1385 1511 1498 1578 verbis

324 1620 474 1702 sequitur
495 1636 580 1697 eum,
604 1619 660 1701 qul
684 1615 747 1683 hoc
764 1616 903 1702 Philippi
921 1616 1044 1683 vulnus
1061 1622 1339 1700 commemoravit,
1363 1622 1498 1703 quaesi-

324 1728 416 1792 visse
449 1727 571 1802 exeis,
604 1727 660 1808 qui
689 1724 780 1790 illum
806 1727 952 1791 comitati
981 1728 1081 1803 erant
1112 1725 1281 1808 quomodo
1305 1725 1499 1792 vulneratus

325 1840 425 1902 esset.
471 1831 584 1916 Neque
607 1849 685 1897 vero
709 1833 886 1915 quisquam
912 1849 1025 1898 eorum
1049 1838 1229 1910 auctorum,
1254 1851 1341 1916 quos
1365 1832 1418 1898 hic
1442 1833 1498 1898 Di-

325 1942 447 2026 dymus
471 1938 576 2017 allert
609 1944 676 2004 erat
700 1937 838 2021 Philippi
864 1938 1013 2022 aequalis
1038 1941 1102 2004 nisi
1129 1938 1373 2023 Theopompus,
1397 1958 1497 2023 quern

324 2066 456 2132 semper
487 2045 519 2112 id
549 2045 723 2111 studuisse
747 2042 920 2127 scimus‘2),
952 2051 987 2111 ut
1019 2044 1060 2110 de
1092 2045 1191 2111 rebus
1220 2049 1326 2130 gestis
1352 2046 1499 2130 locuple-

325 2157 478 2221 tissimos
509 2152 621 2219 lontes
652 2151 764 2218 adiret
809 2152 963 2236 marsyas
994 2159 1113 2230 autem,
1146 2155 1201 2236 qui
1231 2160 1299 2219 erat
1323 2152 1498 2220 Alexandri

324 2261 437 2346 hlagni
462 2260 619 2346 aequalis,
644 2258 774 2325 videtur
797 2277 872 2325 eurn
897 2266 1034 2325 secutus
1058 2278 1134 2325 esse
1144 2258 1179 2340 3).

413 2367 539 2446 Quodsi
559 2366 805 2450 Theopompi
832 2368 1108 2433 narrationem
1139 2385 1212 2432 curn
1241 2368 1379 2433 aliorurn
1405 2386 1498 2434 cour·

325 2477 500 2560 paraveris,
526 2475 708 2540 invenies
736 2491 779 2539 ea
808 2473 1036 2556 complures
1064 2479 1251 2540 auctores
1276 2494 1372 2542 usos
1396 2493 1497 2541 esse.

325 2583 431 2666 Atque
454 2585 596 2665 primum
621 2598 844 2646 commemoro
868 2579 1044 2662 Didymum
1071 2583 1190 2663 ipsum,
1214 2584 1270 2665 qui
1295 2583 1354 2648 col.
1379 2580 1430 2662 12,
1451 2582 1498 2648 40

324 2693 459 2774 scripsit
489 2708 527 2757 se
555 2692 653 2755 etiarn
678 2688 743 2754 alio
765 2688 838 2754 loco
864 2691 974 2771 egisse
998 2686 1076 2767 περὶ
1097 2669 1144 2747 ὧν
1167 2683 1239 2766 ἔσχε
1261 2691 1453 2769 τραυμάτων
1479 2690 1498 2750 ὁ

327 2794 503 2865 Φίλιππος,
550 2794 656 2879 Atque
688 2799 800 2860 extant
827 2798 976 2878 vestigia.
1023 2794 1104 2860 llam
1134 2795 1275 2862 eundem
1301 2799 1333 2861 in
1358 2796 1495 2864 modum

324 2909 423 2989 atque
454 2903 507 2968 hic
529 2902 668 2985 Philippi
693 2902 828 2967 vulnera
859 2908 995 2967 tractata
1019 2908 1099 2968 sunt
1131 2903 1315 2970 in·sclrolio
1339 2903 1381 2969 ad
1405 2904 1497 2971 Dem.

324 3012 366 3078 de
390 3030 454 3077 cor.
477 3008 496 3092 §
520 3010 563 3076 67
588 3010 755 3092 adscripto
764 3007 798 3092 ⁴).
846 3009 969 3075 Deinde
998 3010 1130 3077 exhibet
1153 3010 1365 3095 llarpocratio
1388 3010 1496 3078 Theo-

326 3136 466 3203 pompea
499 3117 625 3184 eisdem
650 3117 760 3183 verbis
785 3134 869 3182 usus
904 3110 1063 3199 ,dissono
1086 3117 1143 3177 τὸν
1165 3116 1268 3189 δεξιὸν
1292 3116 1495 3199 ὀφθαλμόν“,

325 3225 438 3310 Neque
468 3244 545 3292 vero
578 3225 659 3291 haec
692 3244 731 3290 ex
763 3223 977 3308 Theopompo
1011 3228 1085 3308 ipso
1117 3225 1331 3309 deprompsit,
1362 3225 1422 3292 sed
1454 3246 1496 3292 ex

325 3332 474 3417 Didymo.
520 3330 640 3399 Strabo
671 3338 780 3397 autem
813 3331 891 3398 dicit
914 3333 1016 3398 altero
1050 3331 1182 3399 iocose
1207 3332 1262 3399 illo
1287 3352 1385 3399 usum
1409 3352 1496 3414 esse,

324 3439 426 3506 altero
455 3439 550 3505 valde
578 3437 731 3505 abhorret
760 3437 800 3504 ab
826 3457 865 3505 eo
889 3437 977 3505 hunc
1009 3442 1040 3504 in
1066 3439 1201 3505 modum
1226 3439 1356 3506 locutus
1383 3432 1438 3521 ,ev
1460 3437 1496 3503 δὲ

324 3546 369 3630 τῷ
400 3544 465 3628 πρὸ
495 3549 551 3631 τῆς
583 3545 748 3627 Μεθώνης
779 3544 881 3629 πεδίῳ
912 3548 1066 3622 γενέσθαι
1095 3547 1213 3629 συνέβη
1247 3545 1404 3629 Φιλίππῳ
1436 3543 1497 3634 τὴν

416 3794 434 3859 ¹)
455 3799 486 3854 0.
506 3800 634 3868 llaupt,
655 3799 730 3853 Dern.
749 3798 828 3854 Stud.
849 3799 866 3853 l.
882 3801 939 3867 p.8
958 3806 1017 3854 not.
1049 3800 1205 3865 diueller,
1224 3799 1382 3855 Callisthen.
1395 3801 1496 3870 fragm.

325 3890 367 3943 29.
396 3888 577 3955 Schaeler,
597 3889 613 3942 1.
633 3905 656 3942 c.
677 3883 714 3942 11“3
734 3904 760 3956 p.
779 3890 823 3953 31,
842 3890 868 3942 3.

415 3972 569 4046 ¹)Dionys.
590 3977 675 4032 ilalic.
700 3978 733 4031 ad
759 3976 934 4045 Pompe&
959 3972 1014 4034 (ed.
1035 3978 1109 4035 U.·R.
1137 3996 1163 4046 p.
1188 3974 1252 4037 245)
1279 3974 1402 4043 ,πολλοῖς
1425 3970 1498 4033 δἐὶς

326 4059 437 4134 ὁμιλίαν
457 4056 547 4114 ἐλθὼν
566 4057 679 4131 α’νδράσι
708 4067 763 4119 ταῖς
785 4057 846 4113 τότε
864 4058 1034 4129 πρωτεύουσι
1057 4063 1104 4113 καὶ
1123 4068 1284 4131 στρατηγοῖς
1304 4102 1309 4113 .
1330 4102 1336 4113 .
1357 4102 1363 4114 .
1383 4058 1427 4114 διὰ
1447 4057 1497 4132 τὴν

325 4146 514 4222 σαγαααὴν“.

414 4236 437 4305 ³)
457 4244 503 4309 lin,
527 4261 597 4314 quae
622 4252 775 4315 sequuntur
795 4247 820 4298 in
842 4245 893 4299 col.
914 4246 956 4311 12,
975 4247 1124 4311 63-13‚7
1149 4262 1204 4301 non
1225 4247 1354 4314 otarsyae
1375 4248 1428 4301 soli
1447 4249 1498 4302 tri·

327 4335 435 4390 buenda
455 4350 514 4389 esse
534 4342 611 4403 puto.
645 4335 710 4388 lllud
730 4330 813 4395 φασὶν
828 4327 892 4395 (col,
907 4336 949 4399 12,
968 4334 1014 4394 63)
1033 4336 1136 4390 dictum
1157 4345 1199 4389 est
1219 4337 1252 4388 de
1267 4337 1448 4404 Theopompo
1467 4343 1497 4391 et

325 4425 438 4493 ltlarsya
459 4424 543 4479 modo
563 4424 690 4478 laudatis.
711 4425 745 4479 ci.
765 4440 828 4492 pag.
847 4426 890 4489 38,
909 4426 935 4478 4.

414 4503 436 4575 ⁴)
456 4512 613 4580 Diodori,
634 4513 688 4567 vlu
710 4531 734 4582 ρ.
755 4515 814 4567 ass.
