3667 5350
805 597 1027 663 ..00-

417 774 577 842 Omisso
610 779 733 860 igitur
764 775 835 841 illo
863 776 951 841 loco
975 775 1136 841 liviano
1160 795 1236 842 non
1265 777 1405 847 babes.
1436 798 1505 844 cur

328 883 606 966 compluribus
630 902 674 948 ex
698 882 884 948 lontibus
908 886 946 948 in
971 884 1034 949 his
1055 885 1503 969 paragraphisTrogum

328 990 521 1056 hausisse
537 1004 662 1073 putes.
693 988 838 1054 liandem
857 989 996 1072 Philippi
1014 990 1197 1072 perfidiam.
1214 992 1300 1056 idem
1318 995 1351 1056 in
1366 997 1506 1076 propin-

328 1115 415 1180 quos
445 1098 558 1163 odium
589 1099 788 1163 invenimus.
823 1097 912 1180 quod
944 1101 974 1162 ei
998 1096 1234 1182 Theopompus
1265 1099 1393 1163 solebat
1425 1099 1505 1164 dare

327 1203 515 1287 opprobrio,
545 1217 674 1287 praeter
703 1204 779 1268 illos
807 1203 909 1271 locos.
941 1203 1141 1286 quibuscum
1167 1221 1388 1288 congruerunt
1413 1207 1506 1271 illius

327 1313 401 1393 ipsa
425 1310 619 1394 fragmenta.

416 1417 458 1484 ht
480 1428 628 1484 extremo
651 1416 785 1500 quidem
809 1419 841 1482 in
859 1416 943 1482 libro
959 1416 1101 1499 Trogum
1119 1433 1270 1482 secutum
1287 1437 1365 1484 esse
1381 1418 1503 1501 liphori

327 1523 492 1590 Historias
516 1523 714 1590 Gutschmid
739 1523 919 1589 arbitratus
942 1536 1003 1591 est
1026 1527 1184 1606 quoniam
1214 1525 1267 1590 hie
1289 1544 1377 1609 opus
1400 1545 1503 1591 suum

328 1631 495 1697 concludit
517 1631 696 1698 obsidione
720 1630 970 1701 Perinthiorum.
1002 1630 1044 1695 ad
1073 1650 1172 1714 quam
1198 1634 1296 1697 etiam
1322 1633 1374 1697 ille
1398 1632 1506 1698 libros

327 1756 412 1804 suos
445 1738 638 1822 perduxit¹l
688 1736 756 1803 bed
789 1756 830 1802 ne
863 1738 939 1802 huic
971 1737 1105 1821 quidem
1136 1752 1333 1820 argumento
1365 1742 1504 1804 nimiam

326 1848 394 1911 vim
419 1846 606 1911 attribuam.
654 1844 807 1911 fortasse
835 1848 934 1910 etiam
960 1844 1196 1928 Theopompus
1228 1848 1260 1909 in
1293 1845 1396 1910 altero
1419 1845 1508 1912 libro

327 1952 480 2032 Perinthi,
504 1956 538 2019 in
563 1953 666 2018 altero
683 1951 829 2035 Byzantii
850 1954 1134 2034 oppugnationem
1157 1951 1342 2034 descripsit
1377 1951 1424 2016 h'e
1440 1953 1506 2018 hoc

328 2058 462 2142 quidem
487 2079 527 2125 ex
546 2059 601 2124 his
621 2058 754 2124 Diodori
772 2057 883 2123 verbis
906 2052 1060 2139 „Trogos
1079 2109 1086 2120 .
1104 2110 1111 2120 .
1128 2108 1159 2121 ..
1186 2055 1241 2142 rip·
1264 2055 1407 2137 inrapiat·
1429 2079 1506 2118 και-

327 2167 485 2247 έπροᾳεν
520 2161 566 2234 εἷς
603 2161 660 2250 τὴν
701 2165 869 2243 Περίνθου
909 2162 1123 2243 πο).ιορκιάν“
1161 2178 1271 2247 potest
1312 2167 1420 2248 colligi
1460 2168 1505 2232 ab

327 2272 458 2356 Ephoro
483 2280 646 2338 narratam
670 2290 747 2337 esse
768 2280 872 2337 totam
889 2271 1031 2336 Perinthi
1049 2271 1294 2337 obsessionem.
1325 2272 1504 2356 Pompeius

326 2378 456 2464 Trogus
484 2386 594 2446 autem
619 2378 749 2444 videtur
778 2381 871 2444 initio
896 2378 968 2443 libri
994 2378 1032 2442 lx
1060 2381 1133 2444 eius
1164 2377 1266 2444 linem
1298 2382 1504 2446 tractavisse.

327 2486 397 2552 lioc
425 2487 559 2570 quidem
584 2504 716 2552 sumam
746 2504 785 2550 ex
814 2485 868 2551 his
892 2485 1018 2568 prologi
1045 2484 1081 2549 lli
1105 2485 1217 2550 verbis
1248 2485 1308 2563 ,Ut
1331 2486 1504 2571 Philippus

327 2612 345 2658 a
371 2593 524 2660 Perintho
548 2591 773 2671 summotus“‚
796 2610 988 2676 quanquam
1013 2591 1160 2658 concedo
1184 2611 1251 2658 non
1276 2595 1413 2659 omnino
1433 2597 1502 2659 veri

327 2700 491 2768 dissimile
516 2720 592 2768 esse
615 2708 648 2767 et
663 2701 806 2783 Trogum
831 2703 926 2766 initio
951 2700 987 2764 lX
1012 2700 1084 2765 libri
1109 2700 1250 2766 breviter
1273 2704 1504 2767 retractavisse

328 2807 470 2873 Perinthi
494 2807 729 2874 obsessionem
756 2813 791 2872 ut
816 2807 934 2872 librum
960 2826 1086 2873 nonum
1111 2810 1324 2891 coniungeret
1347 2827 1421 2873 cum
1446 2826 1504 2873 oc-

327 2920 414 2994 tavo,
438 2921 470 2980 et
494 2918 634 2998 priorem
660 2914 894 2997 descriptionis
919 2921 1044 2997 partem
1069 2932 1144 2979 eum
1170 2933 1209 2979 ex
1225 2913 1365 2997 Ephoro,
1389 2924 1504 2997 poste-

328 3024 446 3087 riorem
479 3040 518 3087 ex
554 3022 619 3087 alio
650 3024 810 3104 scriptore
840 3022 1007 3087 hausisse.
1061 3018 1355 3086 Gutschmidii
1391 3028 1501 3087 autem

328 3130 614 3208 sententiam,
649 3145 840 3211 quanquam
876 3145 948 3193 eam
984 3130 1170 3193 accuratius
1206 3127 1399 3211 redarguere
1435 3146 1502 3194 non

327 3251 479 3318 possum,
503 3237 616 3318 sequi
642 3253 809 3318 nequeo,
834 3237 926 3318 quia
950 3233 1144 3316 permulta
1170 3236 1205 3299 in
1229 3233 1364 3300 verbis
1387 3239 1503 3301 ante-

329 3340 565 3407 cedentibus
588 3347 707 3425 atque
731 3340 1001 3424 sequentibus
1026 3342 1158 3405 inveni
1182 3342 1355 3423 vestigia
1375 3340 1502 3406 Theo-

329 3450 474 3532 pompi,
506 3466 631 3531 neque
663 3466 781 3513 unum
816 3446 967 3530 Ephori.
1014 3446 1125 3530 ltaque
1157 3465 1236 3512 casu
1268 3446 1391 3512 lactum
1424 3465 1502 3513 esse

325 3572 460 3634 censeo,
488 3558 525 3619 ut
543 3552 638 3637 Trogi
668 3553 750 3619 liber
777 3559 916 3619 octavus
946 3560 977 3619 et
1001 3553 1121 3636 Ephori
1146 3552 1218 3618 libri
1243 3571 1351 3637 usque
1375 3552 1416 3618 ad
1440 3552 1503 3618 ob-

181 3683 280 3812 &³
311 3664 517 3760 sessionem
543 3660 684 3727 Perinthi
710 3660 972 3743 perducerentur.

419 3765 632 3836 Pervenimus
657 3770 720 3833 iam
746 3766 787 3832 ad
813 3766 931 3832 librum
957 3785 1092 3832 nonum.
1135 3764 1237 3832 Cuius
1260 3768 1373 3832 statim
1399 3768 1503 3845 initio,

329 3893 396 3958 quo
428 3873 567 3959 Philippi
600 3873 765 3958 cupiditas
796 3873 984 3939 divitiarum
1018 3871 1214 3939 Graecarum
1245 3872 1503 3955 reprehenditur,

328 3978 533 4065 theopompi
549 3980 715 4048 scribendi
732 3982 815 4046 ratio
833 3980 989 4063 proditur,
1003 3982 1058 4063 qui
1071 3976 1239 4060 ἄπληστον
1252 3978 1342 4045 illum
1356 3978 1503 4063 appella-

329 4091 422 4154 verat
448 4086 576 4170 ilragm.
599 4083 687 4169 249).
733 4087 815 4152 Tum
847 4086 996 4169 procedit
1024 4086 1171 4152 lustinus
1198 4085 1240 4151 ad
1265 4085 1411 4169 Byzantii
1440 4085 1503 4152 ob-

329 4190 510 4260 sidionem:
541 4193 607 4273 ubi‚
639 4196 669 4261 si
702 4193 820 4278 legeris
854 4192 1097 4277 paragraphum
1129 4194 1258 4259 tertiam
1288 4192 1329 4258 ad
1354 4191 1503 4275 Byzantii

418 4438 440 4507 ¹)
467 4444 508 4500 CT.
533 4445 602 4500 Ptol.
627 4445 721 4514 Pomp.
745 4446 827 4513 Trog.
853 4446 923 4500 liist.
949 4445 1014 4500 Phil.
1041 4445 1177 4513 lib.Vlll.,
1205 4444 1307 4512 Ephori
1331 4443 1430 4513 fragm.
1449 4445 1502 4499 157

326 4526 419 4596 (Diod.
437 4534 502 4601 XVI,
523 4528 577 4596 lo).
1099 4560 1102 4569 ·
