3667 5350
795 588 1018 653 „79-

320 765 363 831 13
379 784 431 849 ap.
448 766 601 849 llarpocr.
621 785 647 832 s.
664 786 693 831 v.
716 763 847 847 Καβύλη
872 773 904 832 et
921 767 1101 848 Μύρτανον
1123 766 1241 832 tradita
1251 761 1284 848 ¹),
1308 785 1346 831 ex
1372 764 1495 849 quibus

318 877 455 956 apparet
478 875 693 956 posteriorem
719 870 794 937 belli
814 871 941 938 Thracii
967 879 1092 956 partem
1119 872 1163 938 ibi
1188 872 1387 956 descriptam
1409 890 1495 938 esse.

317 977 399 1045 Cum
424 982 490 1045 veri
516 979 625 1044 simile
649 978 782 1062 quidem
801 981 854 1058 sit,
879 981 976 1045 etlam
995 998 1048 1046 res
1065 979 1107 1045 ab
1128 980 1236 1045 hieme
1253 981 1329 1044 anni
1347 978 1494 1058 aluisse

320 1104 427 1168 usque
455 1084 495 1150 ad
525 1090 685 1152 aestatem
711 1087 788 1150 anni
814 1085 880 1151 338
904 1092 1017 1152 contra
1042 1085 1264 1152 Athenienses
1288 1091 1387 1169 atque
1410 1083 1496 1150 The-

319 1191 427 1258 banos
452 1197 566 1276 gestas
591 1184 706 1257 codem
727 1194 766 1277 ,in
792 1190 874 1258 libro
899 1197 1048 1258 narratas
1074 1210 1159 1272 esse,
1184 1194 1319 1257 minime
1343 1197 1395 1257 est
1418 1210 1494 1274 pro-

318 1296 455 1376 habitet)
481 1297 597 1364 eodem
624 1301 655 1363 in
681 1297 764 1364 libro
788 1300 885 1364 etiam
912 1317 965 1364 res
989 1317 1007 1363 a
1032 1316 1144 1382 pugna
1165 1297 1253 1381 apud
1271 1295 1493 1364 Chaeroneam

319 1407 503 1470 commissa
528 1423 634 1487 usque
658 1404 699 1469 ad
719 1402 857 1488 Philippi
884 1410 1023 1471 mortem
1047 1410 1162 1488 gestas
1179 1404 1360 1488 explicatas
1377 1402 1494 1483 essell,

318 1500 510 1594 praesertim
534 1529 608 1575 cum
628 1529 667 1576 ex
683 1509 944 1594 fragmentorum
962 1516 994 1576 et
1009 1529 1116 1577 rerum
1135 1509 1259 1590 ordine,
1277 1528 1375 1593 quem
1394 1509 1494 1575 modo

319 1619 469 1702 exposui,
494 1615 725 1700 intellegamus
741 1617 979 1683 Anaximenem
998 1635 1036 1683 eo
1053 1619 1225 1700 copiosius
1241 1622 1341 1700 atque
1358 1615 1494 1683 uberius

318 1741 381 1789 sua
417 1725 658 1806 composuisse,
695 1741 761 1806 quo
797 1726 998 1807 posteriores
1035 1728 1127 1789 erant
1161 1741 1213 1789 res
1252 1729 1374 1807 gestae,
1410 1711 1499 1806 quas-

318 1828 503 1912 descripsit.
547 1905 549 1908 ,

408 1934 465 2002 Cui
495 1940 604 2001 autem
635 1935 718 2002 libro
747 1934 993 2002 attribuendum
1019 1938 1063 2003 sit
1088 1937 1119 2002 id
1144 1935 1377 2020 fragmentum,
1405 1936 1494 2020 quod

318 2040 405 2125 apud
442 2041 733 2125 Harpocrationem
767 2048 799 2108 et
835 2044 866 2108 in
902 2043 1006 2109 lexico
1041 2042 1082 2109 ad
1117 2043 1207 2109 Dem.
1237 2049 1316 2110 orat.
1341 2043 1495 2110 hristocr.

318 2151 441 2231 scripto
465 2167 493 2214 s.
509 2149 573 2213 ut
595 2149 745 2210 κάτωθεν
761 2153 861 2226 νόμος
876 2148 1032 2215 traditum
1051 2155 1111 2230 est,
1136 2152 1338 2232 ignoramus.
1378 2147 1495 2217 Reich-

319 2273 443 2321 manno
475 2260 584 2320 autem
610 2255 773 2335 adverser,
801 2254 890 2339 quod
916 2261 1011 2339 putat
1034 2255 1226 2339 Ephialtem,
1250 2274 1348 2339 quem
1374 2255 1496 2321 Anaxi-

318 2380 436 2428 menes
453 2365 593 2427 testatur
605 2380 685 2427 axes
703 2367 734 2427 et
747 2361 865 2446 cyrbes
883 2380 922 2427 ex
939 2381 1012 2428 arce
1028 2365 1198 2428 incuriam
1216 2368 1248 2428 et
1264 2361 1371 2427 forum
1385 2366 1495 2428 trans-

318 2467 446 2548 tulisse,
478 2466 584 2534 fuisse
609 2467 844 2535 Demosthenis
874 2468 1055 2552 aequalem.
1103 2468 1216 2551 Neque
1240 2470 1328 2534 enlm
1354 2467 1492 2534 dubium

319 2580 379 2656 est
410 2576 490 2656 quin
524 2573 586 2641 hoc
616 2573 837 2658 fragmentum
864 2578 1025 2659 pertineat
1058 2574 1099 2640 ad
1124 2574 1317 2658 Ephialtem,
1346 2573 1494 2640 Cimonis

316 2678 525 2764 aemulum‘b.

410 2788 633 2855 Transeamus
657 2788 698 2853 ad
723 2788 939 2855 Anaximenis
964 2789 1074 2870 libros,
1099 2792 1154 2873 qui
1181 2791 1330 2872 inscripti
1355 2795 1447 2855 erant

665 2888 713 2956 τοὶ
738 2895 838 2977 περὶ
861 2890 1149 2977 Ἀλέξανδρον.

405 3005 580 3073 Servatum
613 3008 664 3068 est
694 3022 733 3069 ex
762 3005 868 3086 primo
897 3001 980 3068 libro
1008 3002 1231 3087 fragmentum
1260 3002 1437 3070 [thuerim
1466 3021 1493 3068 a.

317 3111 470 3195 llarpocr.
494 3130 521 3177 s.
545 3130 574 3176 v.
599 3106 753 3193 ἀκινάκης
775 3108 942 3175 traditum.

408 3217 514 3302 htque
539 3216 645 3283 eidem
681 3215 764 3282 libro
794 3214 943 3282 attribuit
966 3215 1104 3281 hueiier
1129 3215 1206 3282 illud
1232 3212 1493 3299 fragmentum),

317 3344 385 3409 quo
398 3327 521 3407 copiae,
534 3341 619 3407 quas
628 3323 811 3389 Alexander
820 3327 853 3388 in
865 3322 977 3388 Asiam
994 3324 1239 3405 transportavit,
1253 3329 1493 3389 enumerantur.

318 3430 474 3499 Secundo
503 3436 612 3496 autem
643 3449 681 3496 ex
706 3429 789 3496 libro
814 3429 1009 3513 deprompta
1032 3434 1112 3494 sunt
1136 3427 1216 3495 haec
1240 3425 1379 3511 verba⁶)‚
1409 3447 1493 3512 quae

407 3622 427 3689 ¹)
448 3628 674 3694 Reichmann,
695 3630 710 3681 l.
731 3643 753 3681 c.
774 3644 800 3695 p.
820 3630 863 3682 69.

408 3712 430 3779 'l
449 3717 535 3771 Aliter
555 3717 690 3771 iudicavit
710 3718 856 3771 foucart
875 3712 912 3784 (p.
934 3710 997 3778 135)
1025 3715 1091 3781 ,Ces
1111 3716 1289 3781 indications,
1309 3715 1495 3783 rapprochees

320 3807 370 3861 des
389 3807 544 3876 fragments
565 3807 625 3874 deja
646 3820 762 3871 connus,
782 3805 845 3860 font
864 3821 965 3873 penser
984 3820 1037 3873 que
1051 3804 1190 3859 l’llistoire
1204 3806 1237 3859 de
1252 3805 1375 3872 Philipps
1389 3804 1495 3858 n'avait

319 3911 370 3964 pas
389 3897 452 3965 plus
470 3897 504 3950 de
524 3897 585 3951 huit
604 3883 714 3948 livres“.

408 3976 628 4045 hhnaximenis
652 3973 807 4030 ‘l’tlmmna'
827 3983 958 4037 habuisse
978 3989 1047 4051 puto
1068 3983 1137 4036 duas
1158 3983 1304 4049 pentadas.

407 4068 632 4139 ⁴)8woboda,
662 4071 858 4140 Paulyi-Wiss.
883 4071 1126 4140 Real-Encylrl.V
1159 4087 1184 4138 p.
1209 4071 1292 4137 28513
1325 4070 1494 4138 Philippi,

317 4163 417 4232 Areop.
443 4181 468 4218 u.
489 4164 515 4216 d.
535 4162 631 4231 Ephet.
653 4179 678 4230 p.
698 4162 759 4226 251,
784 4160 879 4227 357n3
899 4160 928 4214 Ε.
948 4161 1084 4230 hleyer,
1110 4159 1209 4215 Gesch.
1229 4160 1255 4213 d.
1276 4158 1306 4213 h.
1328 4159 1357 4212 lll
1382 4176 1409 4227 p.
1427 4160 1494 4225 5703

320 4253 455 4319 Rusolt,
476 4252 521 4307 Gr.
535 4250 723 4306 Staatsaltert.
736 4252 797 4316 152,
808 4252 834 4316 6,
848 4252 891 4304 cui
905 4251 1066 4318 obloquitur
1080 4249 1270 4314 Wachsmuth,
1284 4247 1367 4303 stadt
1380 4247 1469 4302 Athen
1486 4248 1494 4300 l

318 4359 345 4413 p.
363 4343 425 4397 536.
846 4384 852 4396 .

406 4421 430 4493 ⁸)
450 4430 518 4485 Plut.
539 4430 576 4485 De
595 4428 660 4485 fort
679 4428 757 4485 Alex.
777 4430 794 4496 l,
814 4431 839 4484 3.

408 4512 431 4583 ⁸)
450 4520 480 4576 R.
501 4518 613 4585 Geier,
633 4517 709 4573 illex.
728 4518 824 4588 blagni
844 4517 909 4573 hist.
928 4519 1023 4585 script.
1043 4523 1097 4571 aet.
1116 4530 1260 4584 suppares,
1280 4530 1306 4584 p.
1325 4514 1386 4568 286.
